3346 5216
101 90 117 166 l

101 302 184 346 nsum
208 284 270 345 non
284 280 408 345 reserat.
454 273 573 369 Quibus
593 275 728 359 desmate
739 281 769 338 et
784 272 860 337 illud
875 283 920 336 est
934 273 1119 350 addendum,
1141 262 1249 353 parum
1264 260 1424 335 admodum

127 412 145 452 a
176 409 230 451 sua
259 391 329 470 erga
352 386 379 449 d.
403 384 498 448 Petri
525 384 626 467 sedem
656 381 823 447 reuerentia
846 389 876 443 et
899 380 1089 443 observantia
1112 379 1318 442 commendare
1340 377 1427 441 illum

101 494 200 573 telem,
233 496 283 577 qui
316 490 565 557 sommniculosae
595 488 750 576 cujusdam
779 489 911 551 incuriae
937 507 970 549 ac
994 480 1195 568 negligentiae
1214 488 1318 550 nescio
1341 484 1427 571 cujus

101 644 102 647 =
127 600 212 665 titulo
236 609 387 663 accusaret
407 599 572 662 Romanum
588 596 770 669 Pontificem,
796 594 873 679 quod
896 594 1076 659 constitutas
1098 591 1439 659 ausonensem--

101 712 260 792 rogationes
284 726 344 770 non
367 700 467 769 solum
487 707 625 784 macter,
648 723 749 766 verume
774 705 861 767 etiam
885 707 996 768 contro
1028 718 1116 765 retus
1140 716 1352 782 manusque
1371 697 1430 785 ju-

106 817 193 880 cundi
222 834 347 878 normas
376 833 446 877 sutas
480 813 559 876 serre
590 809 674 893 leges
704 812 826 876 sineret.
877 806 957 889 Quin
985 808 1046 871 imo
1077 808 1224 896 eJusmodi
1253 804 1431 881 catholicus,

101 924 150 987 rod
173 922 305 1007 adjicere
324 920 411 1007 juvat
433 929 481 998 ut,
504 939 578 1002 quae
600 917 679 999 dixi,
701 916 820 999 plenius
843 914 1064 1000 intelliguntur,
1088 914 1236 1001 ejusmodi
1256 912 1432 991 catholicus,

101 1051 196 1112 quam,
219 1030 257 1092 iis
272 1028 468 1115 jureoptimo
491 1026 691 1090 accensendus
714 1045 780 1088 esse
805 1025 895 1107 inque
917 1024 1041 1087 eandem
1062 1038 1103 1086 ac·
1111 1024 1134 1086 ii
1148 1025 1300 1087 munnere
1313 1022 1433 1086 videaur

103 1157 241 1213 usurum,
272 1138 322 1218 qui
351 1135 418 1198 ideo
448 1128 525 1199 male
555 1134 586 1195 in
610 1133 688 1196 Urbe
717 1133 858 1210 audiunt,
890 1130 966 1212 quod
989 1129 1249 1195 chucciuuc'emt'
1269 1126 1433 1193 nonnullas

101 1245 295 1325 opositiones
324 1242 508 1315 accusarint,
538 1239 610 1304 licet
634 1238 698 1326 jam
728 1241 824 1303 tribus
852 1239 959 1302 abhinc
981 1236 1106 1301 saeculis
1137 1232 1310 1301 subuculis
1333 1238 1434 1323 Papae

101 1352 221 1434 ¹tiusque
245 1352 395 1413 Romanae
418 1346 527 1412 Curiae
548 1344 766 1429 plaudenteque
788 1349 928 1411 universa
950 1344 1028 1409 Urbe
1053 1347 1229 1427 propositae
1250 1347 1282 1408 in
1304 1343 1435 1427 publicis

101 1457 322 1541 sputatiouibns
351 1455 464 1520 luerim
493 1464 522 1518 et
544 1464 759 1536 propugnatne.
807 1456 917 1536 Ecquis
939 1461 1003 1531 est,
1033 1455 1083 1535 qui
1110 1461 1212 1519 tantos
1238 1448 1298 1515 sibi
1326 1452 1438 1516 merita

101 1585 190 1628 umere
216 1566 341 1646 spiritus
371 1561 493 1639 audeat,
523 1571 556 1624 ut
585 1562 724 1643 supremi
756 1580 790 1623 sa
819 1563 851 1623 in
879 1557 1100 1644 terrisjudiets
1119 1558 1253 1644 judicem
1274 1546 1439 1623 constituat

101 1692 181 1753 toque
203 1669 296 1734 veluti
318 1678 413 1733 marte
435 1668 567 1746 definiat,
590 1668 733 1750 probatas
757 1688 775 1730 a
796 1666 976 1730 constitutis
999 1686 1053 1747 per
1073 1667 1238 1730 Muranum
1259 1667 1439 1730 Pontificem

101 1777 256 1842 cusoribus
285 1796 395 1859 perque
429 1784 473 1837 tot
500 1773 683 1837 saeculorum
710 1774 822 1837 fluxum
846 1776 877 1837 in
901 1773 1038 1837 omuibus
1061 1774 1150 1837 Urbis
1171 1772 1284 1839 scholis
1307 1773 1439 1836 traditas

101 1906 159 1969 que
182 1886 227 1947 uti
248 1880 464 1946 immutabilem
486 1881 648 1945 referentes
671 1883 827 1944 veritatem
849 1900 966 1963 semper
987 1890 1188 1965 propugnatne
1210 1881 1440 1964 propositiones

101 1987 283 2056 ttiouulc'suo'
311 2009 413 2051 errore
445 2007 510 2050 esse
532 1989 679 2051 iniectas?
709 1990 755 2053 Ne
775 2008 850 2070 ergo
873 1997 903 2050 et
924 2008 990 2068 nos,
1012 2024 1057 2035 —
1080 1997 1112 2053 ut
1131 1989 1195 2076 jam
1219 2008 1235 2051 e
1258 1986 1439 2052 diverticulo

101 2122 106 2160 ι
128 2099 224 2174 viam,
254 2116 271 2158 e
300 2115 356 2177 qua
379 2113 539 2177 parumper
560 2095 745 2168 defleximus,
769 2096 932 2167 redeamus,
957 2130 1001 2141 -
1023 2112 1060 2158 ue
1082 2096 1175 2177 igitur
1197 2104 1228 2158 et
1250 2115 1306 2159 uos
1327 2094 1437 2158 ecdem

101 2205 251 2266 maritatis
283 2202 452 2265 charactere
481 2211 634 2281 notemur,
664 2222 772 2285 magna
798 2201 887 2286 plane
917 2225 934 2265 a
967 2203 1054 2265 nobis
1075 2205 1243 2265 reuerentia
1265 2210 1336 2266 sunt
1357 2220 1439 2264 sus-

101 2310 214 2393 ipienda
242 2310 314 2372 haec
341 2309 497 2390 pontificia
526 2309 661 2386 decreta,
693 2311 798 2392 quibus
827 2307 963 2374 nonnulli
995 2307 1219 2391 particularium
1243 2304 1444 2371 ecclesiarum

101 2420 147 2462 sus
176 2420 236 2463 uon
267 2401 442 2462 sanciuntur
470 2396 576 2477 modo,
606 2416 709 2469 rerum
733 2401 821 2463 etiam
842 2397 982 2464 laudibus
1005 2396 1191 2465 extolluntur
1211 2416 1246 2462 aa
1269 2394 1441 2480 privilegiis

101 2498 232 2552 ruamur.

217 2601 272 2661 23.
310 2589 395 2673 Quae
417 2594 569 2676 hucusque
591 2591 749 2657 retulimus
771 2593 850 2657 iacta
872 2593 988 2677 aliaque
1012 2595 1086 2661 bene
1108 2592 1219 2674 multa,
1248 2614 1323 2676 quae
1343 2592 1452 2657 adnu-

101 2704 186 2765 rerari
208 2700 312 2765 relatis
335 2709 475 2782 possent,
500 2702 682 2765 extrinseco
706 2702 829 2765 omniuo
848 2701 925 2782 ipsis
950 2701 1076 2767 decretis
1098 2711 1184 2781 sunt,
1206 2719 1326 2783 remque
1349 2706 1456 2765 utana

101 2811 273 2881 euicerunt,
304 2808 422 2871 etiamsi
435 2804 564 2885 nullum
594 2808 776 2897 rescriptum
807 2805 902 2871 oculis
934 2827 1077 2889 usurpare
1095 2807 1247 2895 justoque
1283 2824 1449 2888 possamus

101 2915 228 3002 objicere
259 2915 399 2981 examini.
450 2911 643 2979 Eutrc’usccu
674 2934 747 2997 ergo
776 2915 885 2979 merito
914 2925 985 2979 sunt
1014 2914 1139 2983 dicenda
1169 2935 1242 3000 quae
1264 2912 1449 2977 adduximus

101 3031 270 3106 rgumenta,
302 3021 435 3084 nondum
465 3022 545 3084 enim
572 3022 638 3104 ipsu
669 3022 804 3101 decreta,
832 3022 965 3086 noudum
987 3043 1036 3101 ea,
1067 3023 1176 3106 quibus
1196 3030 1342 3105 conceptu
1365 3026 1455 3099 statut,¹

101 3130 171 3192 erba
193 3126 308 3207 auulysi
330 3126 529 3212 subjecimus;
561 3128 679 3192 multus
710 3128 888 3211 pugnando,
919 3131 963 3195 uti
985 3131 1072 3195 initio
1094 3129 1165 3212 plus
1185 3127 1279 3208 semel
1302 3128 1453 3203 diximus,

101 3244 175 3299 atam
198 3236 433 3299 controversiam
457 3233 597 3298 dirimere
621 3236 720 3301 eonati
741 3254 859 3301 sumus.

215 3346 268 3409 24.
289 3340 347 3404 Sed
370 3339 407 3404 ad
432 3341 555 3405 eandem
579 3360 691 3427 quoque
714 3316 957 3425 complexionem
975 3351 1020 3407 ast
1036 3326 1260 3420 deveniendum,
1284 3298 1458 3425 menone

101 3468 209 3512 rorsus
240 3447 377 3512 facienda
407 3450 592 3520 consecutio,
622 3447 651 3511 si
677 3444 745 3530 ipsa
768 3448 886 3513 decreta
908 3449 998 3533 paulo
1021 3450 1154 3517 intimius
1177 3450 1392 3532 inspiciantur,
1422 3450 1459 3523 ai

100 3557 298 3639 ascripturum
320 3554 411 3618 verba
435 3554 659 3636 locutionesque
680 3574 773 3643 aequa
795 3554 1107 3643 lancesponderentur.
1136 3558 1207 3623 Neu
1221 3577 1290 3621 esse
1303 3575 1349 3621 sc.
1370 3556 1455 3621 wri-

104 3659 221 3725 eraolc’o
245 3662 368 3726 omnino
391 3662 508 3737 omnia,
531 3680 592 3725 nou
614 3680 679 3727 esse
693 3661 724 3726 id
737 3682 834 3749 genua
849 3662 951 3748 legum
964 3685 1086 3749 semper
1107 3667 1163 3733 toti
1176 3663 1290 3731 caraci
1305 3662 1460 3741 ecclesigu,

101 3771 273 3852 mpositum,
303 3770 368 3853 ipsa
398 3767 527 3833 clamant
554 3766 677 3845 Petrum
705 3770 813 3837 ritibus
843 3772 962 3841 tuendis
984 3774 1222 3857 praepositorum
1244 3774 1351 3850 rurba,
1382 3772 1458 3853 ipsa

101 3874 214 3940 ›ostulm
236 3894 336 3939 rerum
359 3884 484 3954 natura,
507 3877 591 3957 ipsae
614 3876 741 3959 denique
764 3878 892 3945 suadeat
914 3878 1297 3962 temporumlocorrnnqua
1318 3880 1457 3943 cnam·-

104 3986 223 4049 tantiae.
270 3983 393 4046 Potiora
413 3991 512 4047 autem
535 3982 661 4051 deducta
683 4004 723 4049 cx
746 3987 779 4050 S.
796 3986 833 4053 u.
855 3985 890 4050 C·
916 3987 1045 4052 decretis
1067 3988 1223 4051 rationum·
1239 3993 1387 4051 momenta
1411 3988 1457 4052 ita

101 4090 123 4155 d
146 4093 203 4156 tria
227 4091 326 4172 capita
340 4108 527 4169 revocamus,
550 4098 583 4153 ut
596 4110 662 4155 rem
683 4112 743 4157 non
765 4093 911 4158 studeant
932 4094 1033 4172 modo,
1054 4115 1127 4159 uero
1149 4096 1239 4159 etiam
1260 4093 1459 4160 venementer

101 4197 170 4262 llam
191 4196 402 4279 persupdeant.
447 4192 601 4276 Quaenam
622 4216 716 4280 porro
736 4211 806 4266 sunt
827 4210 1015 4284 argumenta,
1036 4220 1112 4286 qaae
1134 4202 1206 4267 lade
1224 4202 1352 4266 usuri?
1364 4221 1465 4271 tem».

101 4304 258 4367 »robandae
289 4306 510 4386 suffragantur?
546 4303 596 4367 En
627 4306 696 4371 tibil
732 4303 821 4388 Quod
851 4318 922 4375 ante
943 4310 1043 4374 omnia
1071 4312 1104 4373 in
1123 4309 1229 4374 caulos
1248 4309 1458 4381 sulcationem

101 4409 274 4474 lecretorum
297 4410 503 4479 ιιΙΙιιιίιιιιι
525 4410 759 4492 persolventium
782 4414 916 4483 incurrat
937 4424 1135 4494 nemeaeum,
1154 4420 1281 4497 sconem
1303 4418 1384 4479 certa
1406 4424 1464 4482 cet

101 4514 175 4591 llud,
198 4534 313 4579 sacram
331 4519 450 4581 Rituum
467 4516 734 4598 congregationem
750 4520 813 4582 iere
836 4540 986 4604 nunquam
1008 4542 1061 4586 sua
1077 4521 1164 4586 edere
1179 4523 1299 4587 decreta
1321 4541 1457 4605 esseae,

101 4632 177 4703 utque
200 4631 232 4683 ut
255 4624 297 4685 ita
320 4622 416 4686 dicam
447 4642 468 4684 ιι
487 4626 610 4705 praon'5
639 4634 669 4686 et
692 4646 880 4709 quascunque
903 4628 1022 4691 tandem
1046 4630 1309 4719 consuetudines
1299 4649 1331 4694 m
1354 4633 1460 4713 parti-

101 4725 185 4790 :uluri
207 4726 305 4810 aliqua
327 4727 452 4794 ecclesie
476 4750 531 4793 usu
552 4740 687 4812 receptas
709 4730 908 4814 intellexerit,
938 4756 990 4799 eas
1021 4744 1119 4801 tamen
1143 4758 1184 4839 ιι
1206 4710 1376 4841 lru'uqutllo
1400 4757 1459 4807 sua

101 4836 286 4914 possessione
310 4836 449 4901 exturbat
471 4855 629 4919 nunquam,
653 4835 723 4903 lieet
744 4842 875 4906 maxime
891 4842 1019 4915 decretis
1038 4846 1298 4933 contrarietatum
1320 4863 1460 4941 coguos-
