3346 5216
748 410 911 517 'ceput
938 426 981 500 1.

617 572 680 636 De
698 578 854 654 potestate
876 571 1094 638 Rubricatum.

180 733 431 797 Argumentum.
453 734 586 795 iiniupiax
597 734 766 797 desumunt
777 740 892 797 potestas
902 735 1016 785 nomiuie
1029 732 1162 783 micae
1173 732 1312 792 exponitur
1326 724 1539 782 i-itdinbrieae

252 824 492 875 ecclesiasticarum
510 824 600 885 legum
613 828 734 873 usturam
752 825 866 877 iuduunt
876 825 901 875 s.
925 823 1132 875 Prodeincuniur
1145 834 1160 871 a
1171 819 1444 885 ieqitisnosuperiore
1457 820 1539 883 c-i,

252 914 280 961 in
298 924 329 961 re
346 915 511 976 materiaque
528 914 687 973 competenti
706 914 740 978 b,
761 926 820 962 cum
838 914 910 962 seria
929 914 1066 963 voluntate
1083 910 1248 974 legislatoris
1267 908 1403 970 obligandi
1422 909 1537 958 subdiios

164 982 167 991 ¹
252 1004 279 1050 in
298 1004 459 1052 conscientie
479 1000 504 1049 7.
542 998 717 1049 Coroiiorium
745 1002 879 1064 colligitur
901 1014 933 1055 ex
958 1003 1035 1050 dictis
1053 1001 1226 1061 lucidensqua
1244 997 1385 1047 diiiicuiias
1404 997 1539 1058 expeditur

251 1089 347 1140 8-io.
383 1088 556 1141 Rubricatum
573 1091 689 1155 pertitio
708 1092 736 1140 in
754 1090 883 1140 rubricas
898 1092 1044 1152 peuereues
1062 1092 1089 1139 et
1105 1090 1292 1151 particulares
1311 1084 1445 1137 siebiiiiur
1463 1092 1540 1148 sique

251 1179 378 1240 exemplis
395 1180 552 1230 iliustretur.
589 1179 679 1230 Amice
704 1180 782 1229 simui
811 1179 991 1241 discrepantes
1008 1178 1269 1228 interseruerim
1287 1181 1479 1238 componuntur
1497 1174 1537 1225 ii.

250 1267 316 1327 Atia
331 1270 502 1323 rubricarum
517 1271 635 1332 percus
653 1271 681 1321 in
698 1270 817 1321 morione
829 1270 952 1332 scriptun
970 1269 1106 1318 mseritnr.
1141 1266 1428 1331 neuburdirnsimen,
1449 1268 1537 1327 inquo

250 1361 391 1408 versantur
408 1359 535 1409 rnbriece
553 1371 585 1411 nc
603 1360 672 1411 ritca
693 1356 807 1408 it-ie.

317 1522 345 1583 i.
392 1516 479 1578 Licet
508 1515 654 1579 rubricae
683 1517 812 1579 nominis
834 1516 995 1596 originatio
1017 1515 1166 1597 assignari
1196 1494 1280 1577 nulio
1304 1516 1402 1596 possit
1424 1522 1541 1596 praeter

177 1622 293 1703 erubrus,
319 1623 425 1704 quibus
450 1624 579 1704 exprimi
602 1624 737 1686 rubricae
760 1620 867 1700 soient,
889 1621 1017 1701 litteras,
1041 1616 1197 1702 multiplex
1221 1629 1320 1684 umen
1345 1642 1435 1703 esque
1457 1622 1541 1683 veria

177 1724 312 1813 subjecta
335 1729 394 1811 ipsi
418 1737 464 1791 est
486 1729 828 1812 significandipotestcs.
873 1726 981 1791 Missis
1004 1747 1074 1791 vero
1095 1729 1221 1790 caeteris
1237 1726 1326 1813 hujus
1342 1729 1425 1790 vocis
1440 1726 1540 1808 signi-

176 1831 313 1898 ficetibus
337 1832 498 1917 dupliciter
521 1858 554 1899 es
578 1836 674 1917 accipi
696 1836 732 1898 nb
747 1835 960 1898 ecciesiasticis
977 1836 1172 1916 scriptoribus
1188 1833 1283 1911 solete
1306 1854 1431 1917 namque
1446 1854 1541 1917 penes

177 1940 377 2024 Jurispcritos
402 1958 610 2024 sacrorumque
633 1961 779 2005 canonum
802 1943 941 2005 doctores
964 1943 1098 2005 rubriore
1114 1944 1234 2006 nomine
1257 1943 1338 2004 veuit
1360 1938 1449 2004 breue
1463 1938 1542 2004 sui-

169 2042 257 2128 jeeio'
284 2048 447 2128 eujusdam
476 2040 581 2112 iectus
612 2051 809 2114 summarium
842 2058 944 2130 estque
974 2052 1018 2112 sic
1040 2044 1166 2113 mirice
1197 2047 1254 2111 siis
1279 2045 1452 2123 titulorum,
1481 2045 1542 2110 siin

176 2171 328 2217 cononum
358 2165 387 2217 et
416 2152 635 2234 capitulorum,
665 2177 738 2239 quse
768 2157 892 2233 divisio,
926 2175 1067 2237 quorsum
1091 2165 1220 2238 spectet,
1248 2158 1284 2219 ub
1307 2157 1346 2218 iis
1370 2156 1466 2237 ipsis,
1491 2156 1543 2235 qui

178 2278 295 2324 sucrum
314 2261 586 2348 jurisprudeniinm
609 2262 730 2325 trudunt
754 2263 868 2327 discere
888 2273 941 2336 esi,
965 2282 1031 2327 eum
1056 2261 1180 2327 celebris
1194 2261 1276 2326 iilius
1293 2263 1408 2345 sibique
1424 2261 1542 2342 proprii

160 2368 339 2431 'axiomatis
363 2366 508 2444 ,sobmon
530 2366 666 2449 explicui
688 2371 828 2454 ue'prum“
852 2372 913 2434 uim
936 2379 1171 2453 potestatemque
1194 2354 1345 2434 declarant
1376 2364 1406 2452 ¹]

336 2540 345 2559 .
392 2486 475 2555 sumi
497 2503 651 2577 praeterea
675 2504 704 2558 et
727 2492 786 2558 eiio
809 2516 901 2560 sensu
924 2495 980 2559 hoc
1003 2516 1111 2560 nomen
1126 2493 1212 2567 solet,
1237 2515 1304 2559 cum
1319 2495 1357 2558 de
1370 2495 1543 2577 praeceptis

178 2620 278 2664 sermo
300 2607 348 2665 est
371 2599 464 2684 deque
487 2599 607 2685 regulis,
631 2603 736 2685 quibus
760 2603 934 2666 constituti:
956 2624 974 2666 n
997 2603 1053 2666 deo
1072 2600 1225 2667 Ecclesiae
1239 2600 1371 2666 Praeieti
1391 2601 1544 2684 sepientes

177 2709 278 2770 omnia
293 2707 482 2790 praefiniunt,
506 2728 579 2790 qune
602 2706 639 2772 ad
656 2708 757 2771 divina
781 2707 880 2773 oiiioin
899 2708 956 2774 rite
974 2708 1175 2791 persolvendo
1190 2707 1356 2792 cultumque
1370 2708 1435 2771 Deo
1450 2706 1542 2790 digne

177 2808 377 2877 exhibendum
400 2812 584 2893 referuntur3
613 2824 700 2899 utque
724 2813 778 2877 inec
800 2816 1002 2897 receptatione
1026 2813 1144 2880 definiri
1165 2836 1225 2880 uon
1247 2816 1409 2899 incongrue
1432 2823 1545 2897 potest,

178 2922 207 2984 si
226 2919 416 2998 „liudricus
439 2921 577 2985 dicantur
598 2916 680 3009 lepos
701 2919 935 2988 eoelesueticee
962 2924 996 2985 e'u
1027 2941 1140 2986 sneroe
1167 2920 1317 3009 iiiurpe'oe
1338 2922 1446 2985 orde‘ue
1467 2939 1545 2984 eer-

177 3026 311 3105 candoe,
334 3028 401 3091 ee'oe
423 3045 481 3090 eae
502 3030 568 3093 unt
589 3030 623 3091 e'n
644 3029 883 3093 instrumentum
905 3029 1116 3093 authenticum
1129 3028 1260 3107 celeiae,
1282 3032 1350 3094 eece
1365 3049 1424 3095 usu
1445 3029 1553 3111 utque.

177 3132 398 3197 consuetudine
420 3133 631 3199 euioduoee
674 3136 708 3205 ln
732 3157 788 3219 qun
810 3135 982 3201 definitione
1005 3137 1083 3219 quod
1106 3156 1176 3219 prae
1199 3139 1326 3202 ceucris
1353 3135 1544 3200 concretione

177 3239 303 3325 quadem
325 3240 440 3323 indiget
462 3249 549 3324 eique
571 3244 771 3325 expositione,
793 3242 884 3308 dictio
908 3254 955 3308 est
976 3238 1250 3331 coueeliiurpe'ce
1273 3263 1339 3307 cum
1362 3263 1421 3307 uon
1437 3243 1545 3305 statim

177 3355 335 3430 apparent,
359 3366 509 3430 quousque
530 3368 563 3412 se
587 3348 653 3436 ejus
677 3348 820 3415 extendat
840 3351 933 3429 notio,
958 3350 1063 3433 quidve
1086 3351 1118 3415 in
1141 3371 1196 3415 suo
1220 3370 1294 3433 gyro
1317 3347 1546 3433 complectetur,

177 3450 284 3537 quidve
306 3475 323 3516 s
347 3473 381 3518 se
403 3453 484 3518 velut
506 3452 636 3518 alienum
659 3455 809 3523 excludet.
854 3456 950 3520 Nobis
978 3461 1070 3541 igitur
1099 3458 1131 3520 in
1153 3457 1207 3520 hcc
1231 3456 1403 3520 definitione
1426 3474 1548 3519 samoe

176 3555 327 3655 lt'iurqt'ce
364 3581 472 3625 nomen
510 3562 637 3627 inservit
674 3562 711 3631 td
748 3561 975 3647 significandum
1012 3560 1293 3647 exprimendemque
1332 3578 1550 3647 quemcunque

175 3664 370 3747 functionem
399 3664 647 3733 ecclesiasticum
676 3665 711 3752 ²)
742 3689 815 3754 quae
841 3669 933 3759 juxte
962 3678 1058 3734 cortu
1086 3679 1234 3754 uatesque
1262 3668 1344 3755 leges
1372 3672 1479 3757 peregi
1503 3670 1546 3733 ab

176 3762 387 3841 ecclesistieis
409 3776 482 3839 viris
508 3775 605 3842 osiae
628 3768 660 3858 8)
842 3770 846 3779 ‘
936 3760 939 3766 “
1322 3766 1326 3781 ’

313 3908 344 3967 3.
391 3901 536 3979 Rubrious¹
563 3910 661 3963 nutem
690 3898 957 3967 eecleuutieucu
978 3900 1079 3987 legum
1109 3884 1244 3973 naturum
1267 3899 1390 3967 induere
1413 3909 1548 3984 apteque

176 4007 210 4071 in
238 4006 360 4073 illerum
382 4007 479 4090 redigi
511 4026 666 4071 numuum
687 4004 770 4072 silico
792 4007 906 4089 patebit
927 4013 984 4074 ista
1005 4028 1107 4075 secum
1128 4010 1294 4092 reputanti,
1326 4008 1364 4072 ad
1381 4006 1485 4089 ,legem
1509 4027 1549 4071 se

177 4174 391 4195 Π*-

232 4291 256 4359 ι)
286 4294 354 4357 Lepi
369 4293 418 4349 bne
443 4293 478 4345 da
500 4306 530 4344 re
548 4293 656 4345 Pdobies
672 4286 771 4355 ‘potest
796 4296 823 4344 in
851 4295 906 4344 suis
923 4295 964 4345 ed
981 4294 1160 4345 candidatum
1179 4294 1419 4359 jurisprudentiae
1436 4306 1550 4345 soem

284 4382 493 4446 Proiepoaieuis.

231 4465 257 4536 ²)
283 4469 340 4520 Nou
360 4483 425 4534 erqo
451 4472 479 4520 in
498 4472 603 4520 iliorum
621 4474 775 4522 sententiam
794 4471 995 4539 descendimus,
1014 4475 1061 4536 qui
1077 4472 1258 4524 misicorum
1274 4485 1341 4523 voce
1358 4475 1428 4523 seiae
1446 4474 1552 4523 ocima

284 4571 425 4622 expressas
449 4559 558 4624 regulas
583 4572 631 4622 pro
657 4559 739 4609 oidcii
765 4561 849 4614 divim
871 4562 1028 4611 recitatione
1052 4567 1078 4611 ei
1100 4560 1244 4614 missarum
1263 4563 1440 4614 celebretiona
1458 4575 1550 4625 prae-

284 4649 405 4706 scriptas.
927 4650 933 4657 “
1448 4654 1450 4657 ’

233 4729 257 4795 ⁸)
281 4732 336 4783 iioc
347 4734 440 4785 eodem
451 4748 530 4789 sensu
542 4746 644 4786 eccm
654 4736 784 4800 iiius-piae
792 4749 887 4789 nornen
899 4741 1019 4801 reperies
1028 4744 1182 4802 usurpatum
1195 4753 1277 4805 penes
1289 4740 1356 4793 aiios
1368 4741 1551 4795 moriem-

284 4823 742 4966 ἓπίῗιοιιιὲηηέολωὲψποι.
778 4824 819 4881 ir.
839 4825 992 4882 iiartinuoci
1017 4828 1064 4891 dp.
1090 4828 1158 4898 itaq.
1176 4830 1252 4885 caer.
1272 4833 1300 4884 in
1316 4831 1402 4898 preci.
1421 4831 1457 4885 ad
1475 4836 1548 4885 tert.

449 4921 502 4961 m,
539 4946 546 4966 ⁸
640 4932 654 4960 ‚.
