<?xml version="1.0" encoding="UTF-8"?>
<!DOCTYPE html PUBLIC "-//W3C//DTD XHTML 1.0 Transitional//EN"
    "http://www.w3.org/TR/xhtml1/DTD/xhtml1-transitional.dtd">
<html xmlns="http://www.w3.org/1999/xhtml" xml:lang="en" lang="en">
 <head>
  <title>
</title>
<meta http-equiv="Content-Type" content="text/html;charset=utf-8" />
  <meta name='ocr-system' content='tesseract 3.04.00' />
  <meta name='ocr-capabilities' content='ocr_page ocr_carea ocr_par ocr_line ocrx_word'/>
</head>
<body>
  <div class='ocr_page' id='page_1' title='image "./archivfrkatholi08jurigoog_0076.png"; bbox 0 0 3360 5220; ppageno 0'>
   <div class='ocr_carea' id='block_1_1' title="bbox 68 115 317 206">
    <p class='ocr_par' dir='ltr' id='par_1_1' title="bbox 68 115 317 206">
     <span class='ocr_line' id='line_1_1' title="bbox 68 115 317 206; baseline 0 0"><span class='ocrx_word' id='word_1_1' title='bbox 68 124 70 131; x_wconf 64' lang='lat'><strong><em>‘</em></strong></span> <span class='ocrx_word' id='word_1_2' title='bbox 179 115 317 206; x_wconf 67' lang='lat' dir='ltr'><strong>milli</strong></span> 
     </span>
    </p>
   </div>
   <div class='ocr_carea' id='block_1_2' title="bbox 184 289 1546 1118">
    <p class='ocr_par' dir='ltr' id='par_1_2' title="bbox 184 289 1546 1118">
     <span class='ocr_line' id='line_1_2' title="bbox 342 289 1543 384; baseline -0.01 -20"><span class='ocrx_word' id='word_1_3' title='bbox 342 300 510 384; x_wconf 68' lang='lat' dir='ltr'><strong>amnentur</strong></span> <span class='ocrx_word' id='word_1_4' title='bbox 538 289 713 378; x_wconf 59' lang='lat' dir='ltr'><strong>menelei</strong></span> <span class='ocrx_word' id='word_1_5' title='bbox 727 291 789 359; x_wconf 82' lang='lat' dir='ltr'><strong>aab</strong></span> <span class='ocrx_word' id='word_1_6' title='bbox 810 289 952 358; x_wconf 79' lang='lat' dir='ltr'><strong>-hoaeata</strong></span> <span class='ocrx_word' id='word_1_7' title='bbox 977 289 1146 360; x_wconf 72' lang='lat' dir='ltr'><strong>northman</strong></span> <span class='ocrx_word' id='word_1_8' title='bbox 1179 294 1355 368; x_wconf 52' lang='lat' dir='ltr'><strong>momatur</strong></span> <span class='ocrx_word' id='word_1_9' title='bbox 1372 295 1543 372; x_wconf 62' lang='lat' dir='ltr'><strong>:poam</strong></span> 
     </span>
     <span class='ocr_line' id='line_1_3' title="bbox 347 381 1469 468; baseline -0.008 -18"><span class='ocrx_word' id='word_1_10' title='bbox 347 381 795 468; x_wconf 66' lang='lat' dir='ltr'><strong>eadempnrineaaaluerio·</strong></span> <span class='ocrx_word' id='word_1_11' title='bbox 852 415 856 432; x_wconf 87' lang='lat'><strong>·</strong></span> <span class='ocrx_word' id='word_1_12' title='bbox 1279 387 1292 430; x_wconf 90' lang='lat'><strong>·&#39;</strong></span> <span class='ocrx_word' id='word_1_13' title='bbox 1464 396 1469 406; x_wconf 91' lang='grc'><strong><em>’</em></strong></span> 
     </span>
     <span class='ocr_line' id='line_1_4' title="bbox 184 585 1543 677; baseline -0.006 -11"><span class='ocrx_word' id='word_1_14' title='bbox 184 601 332 656; x_wconf 76' lang='lat' dir='ltr'><strong>1⁷.ban1·</strong></span> <span class='ocrx_word' id='word_1_15' title='bbox 410 597 493 664; x_wconf 84' lang='lat' dir='ltr'>Inter</span> <span class='ocrx_word' id='word_1_16' title='bbox 514 615 582 670; x_wconf 83' lang='lat' dir='ltr'><strong>eoa,</strong></span> <span class='ocrx_word' id='word_1_17' title='bbox 607 598 657 677; x_wconf 83' lang='lat' dir='ltr'><strong>qui</strong></span> <span class='ocrx_word' id='word_1_18' title='bbox 679 591 825 658; x_wconf 87' lang='lat' dir='ltr'><strong>adulterio</strong></span> <span class='ocrx_word' id='word_1_19' title='bbox 847 612 880 656; x_wconf 83' lang='lat' dir='ltr'><strong>aa</strong></span> <span class='ocrx_word' id='word_1_20' title='bbox 899 589 1080 674; x_wconf 87' lang='lat' dir='ltr'><strong>polluerunt,</strong></span> <span class='ocrx_word' id='word_1_21' title='bbox 1100 590 1321 656; x_wconf 73' lang='lat' dir='ltr'><strong>matrimonium</strong></span> <span class='ocrx_word' id='word_1_22' title='bbox 1344 585 1442 658; x_wconf 72' lang='lat' dir='ltr'><strong>‘aalide</strong></span> <span class='ocrx_word' id='word_1_23' title='bbox 1465 609 1543 658; x_wconf 89' lang='lat' dir='ltr'><strong>cou-</strong></span> 
     </span>
     <span class='ocr_line' id='line_1_5' title="bbox 211 675 1543 772; baseline -0.007 -18"><span class='ocrx_word' id='word_1_24' title='bbox 211 675 317 725; x_wconf 53' lang='grc' dir='ltr'><strong>ΜΝ·</strong></span> <span class='ocrx_word' id='word_1_25' title='bbox 345 687 423 753; x_wconf 90' lang='lat' dir='ltr'><strong>trahi</strong></span> <span class='ocrx_word' id='word_1_26' title='bbox 453 686 571 769; x_wconf 75' lang='lat' dir='ltr'><strong>nequiit,</strong></span> <span class='ocrx_word' id='word_1_27' title='bbox 600 682 718 767; x_wconf 87' lang='lat' dir='ltr'><strong>quando</strong></span> <span class='ocrx_word' id='word_1_28' title='bbox 747 682 841 746; x_wconf 81' lang='lat' dir='ltr'><strong>altaro</strong></span> <span class='ocrx_word' id='word_1_29' title='bbox 871 682 967 745; x_wconf 91' lang='lat' dir='ltr'><strong>adhuc</strong></span> <span class='ocrx_word' id='word_1_30' title='bbox 995 687 1113 750; x_wconf 83' lang='lat' dir='ltr'><strong>vivente</strong></span> <span class='ocrx_word' id='word_1_31' title='bbox 1136 681 1267 772; x_wconf 67' lang='lat' dir='ltr'><strong>conjugo</strong></span> <span class='ocrx_word' id='word_1_32' title='bbox 1285 681 1467 746; x_wconf 86' lang='lat' dir='ltr'><strong>matrimonii</strong></span> <span class='ocrx_word' id='word_1_33' title='bbox 1489 683 1543 746; x_wconf 90' lang='lat' dir='ltr'><strong>iu-</strong></span> 
     </span>
     <span class='ocr_line' id='line_1_6' title="bbox 346 768 1544 844; baseline -0.008 -1"><span class='ocrx_word' id='word_1_34' title='bbox 346 777 435 844; x_wconf 85' lang='lat' dir='ltr'><strong>cundi</strong></span> <span class='ocrx_word' id='word_1_35' title='bbox 457 775 546 840; x_wconf 85' lang='lat' dir='ltr'><strong>iidem</strong></span> <span class='ocrx_word' id='word_1_36' title='bbox 576 773 635 836; x_wconf 83' lang='lat' dir='ltr'><strong>ribi</strong></span> <span class='ocrx_word' id='word_1_37' title='bbox 665 772 802 834; x_wconf 77' lang='lat' dir='ltr'><strong>dederint</strong></span> <span class='ocrx_word' id='word_1_38' title='bbox 830 770 877 834; x_wconf 82' lang='lat' dir='ltr'><strong>vel</strong></span> <span class='ocrx_word' id='word_1_39' title='bbox 908 773 1128 835; x_wconf 75' lang='lat' dir='ltr'><strong>matrimonium</strong></span> <span class='ocrx_word' id='word_1_40' title='bbox 1152 771 1189 834; x_wconf 88' lang='lat' dir='ltr'><strong>d&#39;e</strong></span> <span class='ocrx_word' id='word_1_41' title='bbox 1210 771 1290 834; x_wconf 85' lang='lat' dir='ltr'><strong>sueto</strong></span> <span class='ocrx_word' id='word_1_42' title='bbox 1314 768 1389 834; x_wconf 88' lang='lat' dir='ltr'><strong>inire</strong></span> <span class='ocrx_word' id='word_1_43' title='bbox 1410 773 1544 836; x_wconf 86' lang='lat' dir='ltr'><strong>attenta-</strong></span> 
     </span>
     <span class='ocr_line' id='line_1_7' title="bbox 345 853 1545 947; baseline -0.006 -18"><span class='ocrx_word' id='word_1_44' title='bbox 345 866 460 938; x_wconf 79' lang='lat' dir='ltr'><strong>verint,</strong></span> <span class='ocrx_word' id='word_1_45' title='bbox 489 873 540 926; x_wconf 89' lang='lat' dir='ltr'><strong>aut</strong></span> <span class='ocrx_word' id='word_1_46' title='bbox 562 861 680 947; x_wconf 87' lang='lat' dir='ltr'><strong>quaudo</strong></span> <span class='ocrx_word' id='word_1_47' title='bbox 702 858 749 924; x_wconf 85' lang='lat' dir='ltr'><strong>vcl</strong></span> <span class='ocrx_word' id='word_1_48' title='bbox 773 879 831 923; x_wconf 89' lang='lat' dir='ltr'><strong>una</strong></span> <span class='ocrx_word' id='word_1_49' title='bbox 852 870 967 924; x_wconf 89' lang='lat' dir='ltr'><strong>tautum</strong></span> <span class='ocrx_word' id='word_1_50' title='bbox 989 881 1061 946; x_wconf 87' lang='lat' dir='ltr'><strong>pare</strong></span> <span class='ocrx_word' id='word_1_51' title='bbox 1084 881 1119 925; x_wconf 87' lang='lat' dir='ltr'><strong>aa</strong></span> <span class='ocrx_word' id='word_1_52' title='bbox 1142 853 1320 933; x_wconf 83' lang='lat' dir='ltr'><strong>intentione,</strong></span> <span class='ocrx_word' id='word_1_53' title='bbox 1349 869 1382 922; x_wconf 92' lang='lat' dir='ltr'><strong>ut</strong></span> <span class='ocrx_word' id='word_1_54' title='bbox 1404 877 1470 922; x_wconf 89' lang='lat' dir='ltr'><strong>cum</strong></span> <span class='ocrx_word' id='word_1_55' title='bbox 1493 857 1545 922; x_wconf 90' lang='lat' dir='ltr'><strong>al-</strong></span> 
     </span>
     <span class='ocr_line' id='line_1_8' title="bbox 343 946 1546 1036; baseline -0.007 -16"><span class='ocrx_word' id='word_1_56' title='bbox 343 964 409 1020; x_wconf 88' lang='lat' dir='ltr'><strong>tcra</strong></span> <span class='ocrx_word' id='word_1_57' title='bbox 431 953 624 1018; x_wconf 88' lang='lat' dir='ltr'><strong>matrimonio</strong></span> <span class='ocrx_word' id='word_1_58' title='bbox 641 950 731 1036; x_wconf 87' lang='lat' dir='ltr'><strong>jungi</strong></span> <span class='ocrx_word' id='word_1_59' title='bbox 754 959 856 1032; x_wconf 87' lang='lat' dir='ltr'><strong>queat,</strong></span> <span class='ocrx_word' id='word_1_60' title='bbox 884 952 914 1013; x_wconf 93' lang='lat' dir='ltr'><strong>in</strong></span> <span class='ocrx_word' id='word_1_61' title='bbox 938 959 1065 1016; x_wconf 88' lang='lat' dir='ltr'><strong>mortem</strong></span> <span class='ocrx_word' id='word_1_62' title='bbox 1086 949 1233 1036; x_wconf 64' lang='lat' dir='ltr'><strong>conjugia,</strong></span> <span class='ocrx_word' id='word_1_63' title='bbox 1257 949 1342 1036; x_wconf 80' lang='lat' dir='ltr'><strong>cujus</strong></span> <span class='ocrx_word' id='word_1_64' title='bbox 1360 948 1431 1036; x_wconf 86' lang='lat' dir='ltr'><strong>jura</strong></span> <span class='ocrx_word' id='word_1_65' title='bbox 1452 946 1546 1012; x_wconf 82' lang='lat' dir='ltr'><strong>adul-</strong></span> 
     </span>
     <span class='ocr_line' id='line_1_9' title="bbox 344 1039 1146 1118; baseline -0.005 -10"><span class='ocrx_word' id='word_1_66' title='bbox 344 1041 422 1109; x_wconf 82' lang='lat' dir='ltr'><strong>terio</strong></span> <span class='ocrx_word' id='word_1_67' title='bbox 445 1040 580 1118; x_wconf 82' lang='lat' dir='ltr'><strong>violavit,</strong></span> <span class='ocrx_word' id='word_1_68' title='bbox 602 1039 770 1102; x_wconf 81' lang='lat' dir='ltr'><strong>machinata</strong></span> <span class='ocrx_word' id='word_1_69' title='bbox 792 1039 886 1102; x_wconf 84' lang='lat' dir='ltr'><strong>suerit</strong></span> <span class='ocrx_word' id='word_1_70' title='bbox 907 1039 1011 1102; x_wconf 74' lang='lat' dir='ltr'><strong>affeetu</strong></span> <span class='ocrx_word' id='word_1_71' title='bbox 1034 1047 1146 1104; x_wconf 85' lang='lat' dir='ltr'><strong>aerato.</strong></span> 
     </span>
    </p>
   </div>
   <div class='ocr_carea' id='block_1_3' title="bbox 186 1324 1547 1689">
    <p class='ocr_par' dir='ltr' id='par_1_3' title="bbox 186 1324 1546 1429">
     <span class='ocr_line' id='line_1_10' title="bbox 186 1324 1546 1429; baseline -0.001 -23"><span class='ocrx_word' id='word_1_72' title='bbox 186 1344 228 1398; x_wconf 78' lang='lat'><strong>¹⁸·</strong></span> <span class='ocrx_word' id='word_1_73' title='bbox 244 1339 345 1406; x_wconf 71' lang='lat' dir='ltr'><strong>0⁰⁰1ss-</strong></span> <span class='ocrx_word' id='word_1_74' title='bbox 414 1341 654 1429; x_wconf 83' lang='lat' dir='ltr'><strong>Oonjugicidium</strong></span> <span class='ocrx_word' id='word_1_75' title='bbox 676 1343 756 1405; x_wconf 92' lang='lat' dir='ltr'><strong>iuter</strong></span> <span class='ocrx_word' id='word_1_76' title='bbox 778 1324 934 1425; x_wconf 82' lang='lat' dir='ltr'><strong>conjugem</strong></span> <span class='ocrx_word' id='word_1_77' title='bbox 959 1339 1093 1424; x_wconf 87' lang='lat' dir='ltr'><strong>ejusdem</strong></span> <span class='ocrx_word' id='word_1_78' title='bbox 1115 1361 1198 1404; x_wconf 92' lang='lat' dir='ltr'><strong>reum</strong></span> <span class='ocrx_word' id='word_1_79' title='bbox 1221 1350 1251 1403; x_wconf 88' lang='lat' dir='ltr'><strong>et</strong></span> <span class='ocrx_word' id='word_1_80' title='bbox 1273 1359 1450 1422; x_wconf 79' lang='lat' dir='ltr'><strong>personam,</strong></span> <span class='ocrx_word' id='word_1_81' title='bbox 1468 1360 1546 1408; x_wconf 18' lang='lat' dir='ltr'><strong>*cum</strong></span> 
     </span>
    </p>

    <p class='ocr_par' dir='ltr' id='par_1_4' title="bbox 189 1417 1545 1520">
     <span class='ocr_line' id='line_1_11' title="bbox 189 1417 1545 1520; baseline -0.004 -22"><span class='ocrx_word' id='word_1_82' title='bbox 189 1417 330 1482; x_wconf 58' lang='lat' dir='ltr'>‘mmm‘</span> <span class='ocrx_word' id='word_1_83' title='bbox 344 1455 401 1520; x_wconf 86' lang='lat' dir='ltr'><strong>qua</strong></span> <span class='ocrx_word' id='word_1_84' title='bbox 431 1434 468 1497; x_wconf 88' lang='lat' dir='ltr'><strong>ad</strong></span> <span class='ocrx_word' id='word_1_85' title='bbox 500 1437 611 1496; x_wconf 78' lang='lat' dir='ltr'><strong>crimen</strong></span> <span class='ocrx_word' id='word_1_86' title='bbox 634 1431 809 1513; x_wconf 90' lang='lat' dir='ltr'><strong>patrandum</strong></span> <span class='ocrx_word' id='word_1_87' title='bbox 834 1434 1032 1512; x_wconf 84' lang='lat' dir='ltr'><strong>conspiravit,</strong></span> <span class='ocrx_word' id='word_1_88' title='bbox 1063 1432 1286 1499; x_wconf 69' lang='lat' dir='ltr'><strong>matrimonium</strong></span> <span class='ocrx_word' id='word_1_89' title='bbox 1308 1427 1470 1494; x_wconf 89' lang='lat' dir='ltr'><strong>invalidum</strong></span> <span class='ocrx_word' id='word_1_90' title='bbox 1494 1431 1545 1493; x_wconf 82' lang='lat' dir='ltr'><strong>ei-</strong></span> 
     </span>
    </p>

    <p class='ocr_par' dir='ltr' id='par_1_5' title="bbox 206 1517 1547 1689">
     <span class='ocr_line' id='line_1_12' title="bbox 206 1517 1547 1605; baseline -0.007 -17"><span class='ocrx_word' id='word_1_91' title='bbox 206 1557 216 1570; x_wconf 96' lang='lat'><strong>·</strong></span> <span class='ocrx_word' id='word_1_92' title='bbox 345 1525 424 1596; x_wconf 88' lang='lat' dir='ltr'><strong>licit,</strong></span> <span class='ocrx_word' id='word_1_93' title='bbox 449 1522 566 1605; x_wconf 87' lang='lat' dir='ltr'><strong>quando</strong></span> <span class='ocrx_word' id='word_1_94' title='bbox 589 1518 637 1584; x_wconf 87' lang='lat' dir='ltr'><strong>vel</strong></span> <span class='ocrx_word' id='word_1_95' title='bbox 660 1540 717 1582; x_wconf 92' lang='lat' dir='ltr'><strong>uua</strong></span> <span class='ocrx_word' id='word_1_96' title='bbox 740 1527 853 1583; x_wconf 88' lang='lat' dir='ltr'><strong>tautum</strong></span> <span class='ocrx_word' id='word_1_97' title='bbox 870 1539 941 1601; x_wconf 82' lang='lat' dir='ltr'><strong>pars</strong></span> <span class='ocrx_word' id='word_1_98' title='bbox 958 1519 1073 1584; x_wconf 82' lang='lat' dir='ltr'><strong>lacinus</strong></span> <span class='ocrx_word' id='word_1_99' title='bbox 1088 1540 1122 1583; x_wconf 90' lang='lat' dir='ltr'><strong>ea</strong></span> <span class='ocrx_word' id='word_1_100' title='bbox 1135 1519 1300 1582; x_wconf 89' lang='lat' dir='ltr'><strong>intentione</strong></span> <span class='ocrx_word' id='word_1_101' title='bbox 1316 1517 1547 1601; x_wconf 81' lang='lat' dir='ltr'><strong>perpetrauerit,</strong></span> 
     </span>
     <span class='ocr_line' id='line_1_13' title="bbox 346 1609 1055 1689; baseline -0.008 -14"><span class='ocrx_word' id='word_1_102' title='bbox 346 1622 379 1676; x_wconf 93' lang='lat' dir='ltr'><strong>ut</strong></span> <span class='ocrx_word' id='word_1_103' title='bbox 401 1631 468 1676; x_wconf 86' lang='lat' dir='ltr'><strong>cum</strong></span> <span class='ocrx_word' id='word_1_104' title='bbox 489 1611 581 1677; x_wconf 87' lang='lat' dir='ltr'><strong>altera</strong></span> <span class='ocrx_word' id='word_1_105' title='bbox 605 1610 825 1672; x_wconf 82' lang='lat' dir='ltr'><strong>matrimonium</strong></span> <span class='ocrx_word' id='word_1_106' title='bbox 848 1611 925 1671; x_wconf 88' lang='lat' dir='ltr'><strong>inire</strong></span> <span class='ocrx_word' id='word_1_107' title='bbox 947 1609 1055 1689; x_wconf 87' lang='lat' dir='ltr'><strong>possit.</strong></span> 
     </span>
    </p>
   </div>
   <div class='ocr_carea' id='block_1_4' title="bbox 185 1908 1552 2526">
    <p class='ocr_par' dir='ltr' id='par_1_6' title="bbox 187 1908 1549 1994">
     <span class='ocr_line' id='line_1_14' title="bbox 187 1908 1549 1994; baseline -0.002 -15"><span class='ocrx_word' id='word_1_108' title='bbox 187 1912 229 1966; x_wconf 79' lang='lat'><strong>¹⁹·</strong></span> <span class='ocrx_word' id='word_1_109' title='bbox 253 1909 359 1964; x_wconf 51' lang='grc' dir='ltr'><strong>ΕΜ·</strong></span> <span class='ocrx_word' id='word_1_110' title='bbox 412 1914 460 1981; x_wconf 72' lang='lat' dir='ltr'><strong>Ad</strong></span> <span class='ocrx_word' id='word_1_111' title='bbox 491 1911 724 1976; x_wconf 76' lang='lat' dir='ltr'><strong>matrimonium.</strong></span> <span class='ocrx_word' id='word_1_112' title='bbox 742 1908 839 1975; x_wconf 84' lang='lat' dir='ltr'><strong>valida</strong></span> <span class='ocrx_word' id='word_1_113' title='bbox 873 1909 1032 1976; x_wconf 86' lang='lat' dir='ltr'><strong>ineundum</strong></span> <span class='ocrx_word' id='word_1_114' title='bbox 1048 1913 1239 1994; x_wconf 70' lang='lat' dir='ltr'><strong>requiritur,</strong></span> <span class='ocrx_word' id='word_1_115' title='bbox 1276 1919 1308 1974; x_wconf 92' lang='lat' dir='ltr'><strong>ut</strong></span> <span class='ocrx_word' id='word_1_116' title='bbox 1339 1911 1549 1986; x_wconf 77' lang='lat' dir='ltr'><strong>contrahentes</strong></span> 
     </span>
    </p>

    <p class='ocr_par' dir='ltr' id='par_1_7' title="bbox 185 1983 1552 2526">
     <span class='ocr_line' id='line_1_15' title="bbox 185 1983 1550 2083; baseline 0 -18"><span class='ocrx_word' id='word_1_117' title='bbox 185 1983 446 2070; x_wconf 62' lang='lat' dir='ltr'><strong>⁶⁰⁸²¹⁰¹¹⁸⁸moram</strong></span> <span class='ocrx_word' id='word_1_118' title='bbox 469 2003 599 2083; x_wconf 78' lang='lat' dir='ltr'><strong>parocho</strong></span> <span class='ocrx_word' id='word_1_119' title='bbox 624 2001 746 2082; x_wconf 88' lang='lat' dir='ltr'><strong>proprio</strong></span> <span class='ocrx_word' id='word_1_120' title='bbox 769 2001 921 2083; x_wconf 85' lang='lat' dir='ltr'><strong>utriusque</strong></span> <span class='ocrx_word' id='word_1_121' title='bbox 943 1997 990 2063; x_wconf 86' lang='lat' dir='ltr'><strong>vel</strong></span> <span class='ocrx_word' id='word_1_122' title='bbox 1014 2003 1101 2071; x_wconf 76' lang='lat' dir='ltr'><strong>unius</strong></span> <span class='ocrx_word' id='word_1_123' title='bbox 1122 2001 1216 2082; x_wconf 84' lang='lat' dir='ltr'><strong>partia</strong></span> <span class='ocrx_word' id='word_1_124' title='bbox 1237 2007 1288 2066; x_wconf 81' lang='lat' dir='ltr'><strong>aut</strong></span> <span class='ocrx_word' id='word_1_125' title='bbox 1303 2001 1550 2078; x_wconf 80' lang='lat' dir='ltr'><strong>¹aliosaoordote</strong></span> 
     </span>
     <span class='ocr_line' id='line_1_16' title="bbox 345 2087 1552 2173; baseline -0.002 -17"><span class='ocrx_word' id='word_1_126' title='bbox 345 2093 382 2156; x_wconf 88' lang='lat' dir='ltr'><strong>da</strong></span> <span class='ocrx_word' id='word_1_127' title='bbox 404 2094 502 2173; x_wconf 83' lang='lat' dir='ltr'><strong>ipsius</strong></span> <span class='ocrx_word' id='word_1_128' title='bbox 525 2091 647 2172; x_wconf 81' lang='lat' dir='ltr'><strong>parochi</strong></span> <span class='ocrx_word' id='word_1_129' title='bbox 671 2110 725 2152; x_wconf 85' lang='lat' dir='ltr'><strong>seu</strong></span> <span class='ocrx_word' id='word_1_130' title='bbox 740 2089 895 2154; x_wconf 86' lang='lat' dir='ltr'><strong>Ordinarii</strong></span> <span class='ocrx_word' id='word_1_131' title='bbox 917 2087 1037 2154; x_wconf 85' lang='lat' dir='ltr'><strong>licentia</strong></span> <span class='ocrx_word' id='word_1_132' title='bbox 1061 2099 1089 2152; x_wconf 85' lang='lat' dir='ltr'><strong>ot</strong></span> <span class='ocrx_word' id='word_1_133' title='bbox 1104 2089 1219 2153; x_wconf 84' lang='lat' dir='ltr'><strong>duobus</strong></span> <span class='ocrx_word' id='word_1_134' title='bbox 1240 2091 1289 2152; x_wconf 89' lang='lat' dir='ltr'><strong>uel</strong></span> <span class='ocrx_word' id='word_1_135' title='bbox 1308 2091 1403 2153; x_wconf 86' lang='lat' dir='ltr'><strong>tribue</strong></span> <span class='ocrx_word' id='word_1_136' title='bbox 1419 2089 1552 2154; x_wconf 75' lang='lat' dir='ltr'><strong>tosthae</strong></span> 
     </span>
     <span class='ocr_line' id='line_1_17' title="bbox 346 2176 1548 2260; baseline 0.001 -17"><span class='ocrx_word' id='word_1_137' title='bbox 346 2200 523 2243; x_wconf 87' lang='lat' dir='ltr'><strong>consensum</strong></span> <span class='ocrx_word' id='word_1_138' title='bbox 557 2178 717 2243; x_wconf 82' lang='lat' dir='ltr'><strong>declarent.</strong></span> <span class='ocrx_word' id='word_1_139' title='bbox 769 2176 803 2240; x_wconf 92' lang='lat' dir='ltr'><strong>Iu</strong></span> <span class='ocrx_word' id='word_1_140' title='bbox 835 2180 874 2240; x_wconf 87' lang='lat' dir='ltr'><strong>iis</strong></span> <span class='ocrx_word' id='word_1_141' title='bbox 907 2187 1005 2241; x_wconf 90' lang='lat' dir='ltr'><strong>tomen</strong></span> <span class='ocrx_word' id='word_1_142' title='bbox 1027 2177 1150 2260; x_wconf 85' lang='lat' dir='ltr'><strong>Imperii</strong></span> <span class='ocrx_word' id='word_1_143' title='bbox 1178 2180 1327 2259; x_wconf 81' lang='lat' dir='ltr'><strong>partibus,</strong></span> <span class='ocrx_word' id='word_1_144' title='bbox 1359 2199 1415 2260; x_wconf 89' lang='lat' dir='ltr'><strong>pro</strong></span> <span class='ocrx_word' id='word_1_145' title='bbox 1438 2179 1548 2260; x_wconf 80' lang='lat' dir='ltr'><strong>quibua</strong></span> 
     </span>
     <span class='ocr_line' id='line_1_18' title="bbox 346 2266 1551 2349; baseline -0.002 -16"><span class='ocrx_word' id='word_1_146' title='bbox 346 2271 454 2333; x_wconf 88' lang='lat' dir='ltr'><strong>Sancta</strong></span> <span class='ocrx_word' id='word_1_147' title='bbox 476 2269 568 2332; x_wconf 87' lang='lat' dir='ltr'><strong>Sedes</strong></span> <span class='ocrx_word' id='word_1_148' title='bbox 597 2269 825 2332; x_wconf 84' lang='lat' dir='ltr'><strong>instructionem</strong></span> <span class='ocrx_word' id='word_1_149' title='bbox 857 2267 925 2334; x_wconf 89' lang='lat' dir='ltr'><strong>ddo.</strong></span> <span class='ocrx_word' id='word_1_150' title='bbox 947 2273 1000 2334; x_wconf 78' lang='lat'><strong>30.</strong></span> <span class='ocrx_word' id='word_1_151' title='bbox 1023 2266 1122 2349; x_wconf 78' lang='lat' dir='ltr'><strong>April.</strong></span> <span class='ocrx_word' id='word_1_152' title='bbox 1154 2268 1236 2334; x_wconf 70' lang='lat'>1841</span> <span class='ocrx_word' id='word_1_153' title='bbox 1271 2267 1379 2338; x_wconf 87' lang='lat' dir='ltr'><strong>edidit,</strong></span> <span class='ocrx_word' id='word_1_154' title='bbox 1410 2267 1551 2330; x_wconf 84' lang='lat' dir='ltr'><strong>absentia</strong></span> 
     </span>
     <span class='ocr_line' id='line_1_19' title="bbox 344 2355 1548 2440; baseline -0.002 -19"><span class='ocrx_word' id='word_1_155' title='bbox 344 2357 466 2440; x_wconf 84' lang='lat' dir='ltr'><strong>parochi</strong></span> <span class='ocrx_word' id='word_1_156' title='bbox 497 2356 638 2421; x_wconf 84' lang='lat' dir='ltr'><strong>catholici</strong></span> <span class='ocrx_word' id='word_1_157' title='bbox 666 2356 761 2438; x_wconf 88' lang='lat' dir='ltr'><strong>quoad</strong></span> <span class='ocrx_word' id='word_1_158' title='bbox 792 2357 978 2419; x_wconf 87' lang='lat' dir='ltr'><strong>matrimonia</strong></span> <span class='ocrx_word' id='word_1_159' title='bbox 1004 2357 1084 2421; x_wconf 88' lang='lat' dir='ltr'><strong>iuter</strong></span> <span class='ocrx_word' id='word_1_160' title='bbox 1105 2355 1277 2420; x_wconf 79' lang='lat' dir='ltr'><strong>Catholicae</strong></span> <span class='ocrx_word' id='word_1_161' title='bbox 1303 2365 1332 2420; x_wconf 91' lang='lat' dir='ltr'><strong>et</strong></span> <span class='ocrx_word' id='word_1_162' title='bbox 1356 2355 1548 2420; x_wconf 77' lang='lat' dir='ltr'><strong>Christianos</strong></span> 
     </span>
     <span class='ocr_line' id='line_1_20' title="bbox 346 2443 1137 2526; baseline -0.004 -16"><span class='ocrx_word' id='word_1_163' title='bbox 346 2467 406 2510; x_wconf 93' lang='lat' dir='ltr'><strong>non</strong></span> <span class='ocrx_word' id='word_1_164' title='bbox 431 2447 593 2510; x_wconf 83' lang='lat' dir='ltr'><strong>catholicos</strong></span> <span class='ocrx_word' id='word_1_165' title='bbox 616 2445 654 2509; x_wconf 87' lang='lat' dir='ltr'><strong>ad</strong></span> <span class='ocrx_word' id='word_1_166' title='bbox 678 2446 743 2526; x_wconf 84' lang='lat' dir='ltr'><strong>ipsa</strong></span> <span class='ocrx_word' id='word_1_167' title='bbox 767 2443 912 2508; x_wconf 87' lang='lat' dir='ltr'><strong>irritanda</strong></span> <span class='ocrx_word' id='word_1_168' title='bbox 936 2462 995 2508; x_wconf 94' lang='lat' dir='ltr'><strong>non</strong></span> <span class='ocrx_word' id='word_1_169' title='bbox 1017 2445 1137 2510; x_wconf 81' lang='lat' dir='ltr'><strong>aulicit.</strong></span> 
     </span>
    </p>
   </div>
   <div class='ocr_carea' id='block_1_5' title="bbox 893 2731 1003 2810">
    <p class='ocr_par' dir='ltr' id='par_1_8' title="bbox 893 2731 1003 2810">
     <span class='ocr_line' id='line_1_21' title="bbox 893 2731 1003 2810; baseline -0.045 -13"><span class='ocrx_word' id='word_1_170' title='bbox 893 2731 925 2810; x_wconf 68' lang='lat' dir='ltr'><strong>S·</strong></span> <span class='ocrx_word' id='word_1_171' title='bbox 949 2734 1003 2797; x_wconf 78' lang='grc'><strong>39.</strong></span> 
     </span>
    </p>
   </div>
   <div class='ocr_carea' id='block_1_6' title="bbox 187 2833 1550 3176">
    <p class='ocr_par' dir='ltr' id='par_1_9' title="bbox 187 2833 1550 3176">
     <span class='ocr_line' id='line_1_22' title="bbox 187 2833 1550 2962; baseline 0.015 -74"><span class='ocrx_word' id='word_1_172' title='bbox 187 2837 312 2962; x_wconf 58' lang='grc' dir='ltr'><strong>011Ροιιιι·</strong></span> <span class='ocrx_word' id='word_1_173' title='bbox 413 2833 815 2922; x_wconf 68' lang='lat' dir='ltr'><strong>Propi-iurumturieutium</strong></span> <span class='ocrx_word' id='word_1_174' title='bbox 837 2834 984 2918; x_wconf 77' lang='lat' dir='ltr'><strong>parochiae</strong></span> <span class='ocrx_word' id='word_1_175' title='bbox 1006 2845 1053 2905; x_wconf 84' lang='lat' dir='ltr'><strong>eat</strong></span> <span class='ocrx_word' id='word_1_176' title='bbox 1069 2839 1107 2916; x_wconf 79' lang='lat' dir='ltr'><strong>la.</strong></span> <span class='ocrx_word' id='word_1_177' title='bbox 1130 2839 1161 2902; x_wconf 87' lang='lat' dir='ltr'><strong>iu</strong></span> <span class='ocrx_word' id='word_1_178' title='bbox 1175 2836 1262 2921; x_wconf 81' lang='lat' dir='ltr'><strong>eujne</strong></span> <span class='ocrx_word' id='word_1_179' title='bbox 1282 2835 1550 2920; x_wconf 65' lang='lat' dir='ltr'><strong>pacatianorum</strong></span> 
     </span>
     <span class='ocr_line' id='line_1_23' title="bbox 212 2919 1460 3033; baseline 0.012 -43"><span class='ocrx_word' id='word_1_180' title='bbox 212 2921 276 3033; x_wconf 47' lang='lat'><strong>13:</strong></span> <span class='ocrx_word' id='word_1_181' title='bbox 292 2919 400 3030; x_wconf 57' lang='lat' dir='ltr'><strong>„⁷2⁰⁰”st</strong></span> <span class='ocrx_word' id='word_1_182' title='bbox 421 2929 507 3012; x_wconf 79' lang='lat' dir='ltr'><strong>quasi</strong></span> <span class='ocrx_word' id='word_1_183' title='bbox 529 2923 713 2996; x_wconf 86' lang='lat' dir='ltr'><strong>domicilium</strong></span> <span class='ocrx_word' id='word_1_184' title='bbox 734 2925 854 2991; x_wconf 83' lang='lat' dir='ltr'><strong>habeut.</strong></span> <span class='ocrx_word' id='word_1_185' title='bbox 1417 2919 1460 2983; x_wconf 55' lang='lat'>³</span> 
     </span>
     <span class='ocr_line' id='line_1_24' title="bbox 189 3049 348 3116; baseline -0.006 -15"><span class='ocrx_word' id='word_1_186' title='bbox 189 3051 265 3116; x_wconf 80' lang='lat' dir='ltr'><strong>puaal</strong></span> <span class='ocrx_word' id='word_1_187' title='bbox 287 3049 348 3100; x_wconf 78' lang='lat' dir='ltr'><strong>¹do·</strong></span> 
     </span>
     <span class='ocr_line' id='line_1_25' title="bbox 195 3121 336 3176; baseline -0.028 0"><span class='ocrx_word' id='word_1_188' title='bbox 195 3121 336 3176; x_wconf 75' lang='lat' dir='ltr'><strong>miculam.</strong></span> 
     </span>
    </p>
   </div>
   <div class='ocr_carea' id='block_1_7' title="bbox 937 3149 1251 3274">
    <p class='ocr_par' dir='ltr' id='par_1_10' title="bbox 937 3149 1251 3274">
     <span class='ocr_line' id='line_1_26' title="bbox 937 3149 1251 3274; baseline -0.006 -14"><span class='ocrx_word' id='word_1_189' title='bbox 937 3195 1046 3274; x_wconf 78' lang='lat' dir='ltr'><strong>§.ro</strong></span> <span class='ocrx_word' id='word_1_190' title='bbox 1170 3185 1175 3202; x_wconf 79' lang='grc'><strong>“</strong></span> <span class='ocrx_word' id='word_1_191' title='bbox 1248 3149 1251 3163; x_wconf 65' lang='grc'>’</span> 
     </span>
    </p>
   </div>
   <div class='ocr_carea' id='block_1_8' title="bbox 323 3295 1551 3734">
    <p class='ocr_par' dir='ltr' id='par_1_11' title="bbox 323 3295 1551 3734">
     <span class='ocr_line' id='line_1_27' title="bbox 414 3295 1546 3390; baseline -0.001 -25"><span class='ocrx_word' id='word_1_192' title='bbox 414 3297 607 3376; x_wconf 80' lang='lat' dir='ltr'><strong>Domiciliurn</strong></span> <span class='ocrx_word' id='word_1_193' title='bbox 628 3317 732 3362; x_wconf 84' lang='lat' dir='ltr'><strong>verum</strong></span> <span class='ocrx_word' id='word_1_194' title='bbox 752 3298 794 3361; x_wconf 91' lang='lat' dir='ltr'><strong>ibi</strong></span> <span class='ocrx_word' id='word_1_195' title='bbox 818 3295 955 3362; x_wconf 87' lang='lat' dir='ltr'><strong>locorum</strong></span> <span class='ocrx_word' id='word_1_196' title='bbox 977 3305 1041 3376; x_wconf 81' lang='lat' dir='ltr'><strong>eat,</strong></span> <span class='ocrx_word' id='word_1_197' title='bbox 1066 3297 1115 3362; x_wconf 91' lang='lat' dir='ltr'><strong>uhi</strong></span> <span class='ocrx_word' id='word_1_198' title='bbox 1139 3300 1205 3383; x_wconf 79' lang='lat' dir='ltr'><strong>quis</strong></span> <span class='ocrx_word' id='word_1_199' title='bbox 1227 3299 1439 3390; x_wconf 80' lang='lat' dir='ltr'><strong>habitationem</strong></span> <span class='ocrx_word' id='word_1_200' title='bbox 1462 3320 1546 3366; x_wconf 82' lang='lat' dir='ltr'><strong>auam</strong></span> 
     </span>
     <span class='ocr_line' id='line_1_28' title="bbox 323 3383 1550 3474; baseline 0.001 -19"><span class='ocrx_word' id='word_1_201' title='bbox 323 3391 396 3463; x_wconf 80' lang='lat' dir='ltr'><strong>¹vel</strong></span> <span class='ocrx_word' id='word_1_202' title='bbox 417 3388 502 3453; x_wconf 88' lang='lat' dir='ltr'><strong>unico</strong></span> <span class='ocrx_word' id='word_1_203' title='bbox 525 3383 574 3452; x_wconf 85' lang='lat' dir='ltr'><strong>vel</strong></span> <span class='ocrx_word' id='word_1_204' title='bbox 595 3383 803 3470; x_wconf 88' lang='lat' dir='ltr'><strong>principaliter</strong></span> <span class='ocrx_word' id='word_1_205' title='bbox 824 3385 903 3468; x_wconf 79' lang='lat' dir='ltr'><strong>figit,</strong></span> <span class='ocrx_word' id='word_1_206' title='bbox 926 3391 986 3458; x_wconf 85' lang='lat' dir='ltr'><strong>ita,</strong></span> <span class='ocrx_word' id='word_1_207' title='bbox 1010 3395 1041 3450; x_wconf 91' lang='lat' dir='ltr'><strong>ut</strong></span> <span class='ocrx_word' id='word_1_208' title='bbox 1063 3387 1251 3470; x_wconf 79' lang='lat' dir='ltr'><strong>peregrinari</strong></span> <span class='ocrx_word' id='word_1_209' title='bbox 1273 3389 1405 3468; x_wconf 82' lang='lat' dir='ltr'><strong>dicatur,</strong></span> <span class='ocrx_word' id='word_1_210' title='bbox 1432 3389 1550 3474; x_wconf 82' lang='lat' dir='ltr'><strong>quando</strong></span> 
     </span>
     <span class='ocr_line' id='line_1_29' title="bbox 347 3470 1549 3565; baseline -0.001 -21"><span class='ocrx_word' id='word_1_211' title='bbox 347 3481 389 3544; x_wconf 91' lang='lat' dir='ltr'><strong>ihi</strong></span> <span class='ocrx_word' id='word_1_212' title='bbox 419 3498 479 3543; x_wconf 94' lang='lat' dir='ltr'><strong>nou</strong></span> <span class='ocrx_word' id='word_1_213' title='bbox 509 3484 719 3542; x_wconf 86' lang='lat' dir='ltr'><strong>commoretur.</strong></span> <span class='ocrx_word' id='word_1_214' title='bbox 765 3470 915 3555; x_wconf 78' lang='lat' dir='ltr'><strong>Quamdiu</strong></span> <span class='ocrx_word' id='word_1_215' title='bbox 944 3472 1000 3552; x_wconf 84' lang='lat' dir='ltr'><strong>hoc</strong></span> <span class='ocrx_word' id='word_1_216' title='bbox 1029 3476 1060 3540; x_wconf 91' lang='lat' dir='ltr'><strong>iu</strong></span> <span class='ocrx_word' id='word_1_217' title='bbox 1089 3479 1156 3565; x_wconf 83' lang='lat' dir='ltr'><strong>loco</strong></span> <span class='ocrx_word' id='word_1_218' title='bbox 1183 3477 1395 3545; x_wconf 87' lang='lat' dir='ltr'><strong>habitationem</strong></span> <span class='ocrx_word' id='word_1_219' title='bbox 1419 3481 1479 3564; x_wconf 79' lang='lat' dir='ltr'><strong>sibi</strong></span> <span class='ocrx_word' id='word_1_220' title='bbox 1500 3477 1549 3544; x_wconf 83' lang='lat' dir='ltr'><strong>val</strong></span> 
     </span>
     <span class='ocr_line' id='line_1_30' title="bbox 346 3564 1551 3651; baseline -0.002 -19"><span class='ocrx_word' id='word_1_221' title='bbox 346 3565 478 3633; x_wconf 78' lang='lat' dir='ltr'><strong>familiae</strong></span> <span class='ocrx_word' id='word_1_222' title='bbox 515 3585 584 3630; x_wconf 83' lang='lat' dir='ltr'><strong>suae</strong></span> <span class='ocrx_word' id='word_1_223' title='bbox 615 3565 794 3628; x_wconf 80' lang='lat' dir='ltr'><strong>destinatam</strong></span> <span class='ocrx_word' id='word_1_224' title='bbox 828 3567 958 3642; x_wconf 74' lang='lat' dir='ltr'><strong>retinet,</strong></span> <span class='ocrx_word' id='word_1_225' title='bbox 996 3564 1131 3629; x_wconf 85' lang='lat' dir='ltr'><strong>absentia</strong></span> <span class='ocrx_word' id='word_1_226' title='bbox 1158 3565 1279 3650; x_wconf 86' lang='lat' dir='ltr'><strong>longior</strong></span> <span class='ocrx_word' id='word_1_227' title='bbox 1307 3569 1395 3648; x_wconf 82' lang='lat' dir='ltr'><strong>licet,</strong></span> <span class='ocrx_word' id='word_1_228' title='bbox 1432 3590 1488 3651; x_wconf 87' lang='lat' dir='ltr'><strong>per</strong></span> <span class='ocrx_word' id='word_1_229' title='bbox 1516 3589 1551 3630; x_wconf 82' lang='lat' dir='ltr'><strong>sa</strong></span> 
     </span>
     <span class='ocr_line' id='line_1_31' title="bbox 348 3653 1550 3734; baseline 0.001 -14"><span class='ocrx_word' id='word_1_230' title='bbox 348 3665 462 3734; x_wconf 78' lang='lat' dir='ltr'><strong>eumn,</strong></span> <span class='ocrx_word' id='word_1_231' title='bbox 494 3676 554 3719; x_wconf 94' lang='lat' dir='ltr'><strong>uon</strong></span> <span class='ocrx_word' id='word_1_232' title='bbox 576 3654 687 3718; x_wconf 84' lang='lat' dir='ltr'><strong>sullicit</strong></span> <span class='ocrx_word' id='word_1_233' title='bbox 709 3653 748 3716; x_wconf 85' lang='lat' dir='ltr'><strong>ad</strong></span> <span class='ocrx_word' id='word_1_234' title='bbox 771 3653 956 3717; x_wconf 83' lang='lat' dir='ltr'><strong>efficiendam</strong></span> <span class='ocrx_word' id='word_1_235' title='bbox 979 3653 1120 3719; x_wconf 86' lang='lat' dir='ltr'><strong>domicilii</strong></span> <span class='ocrx_word' id='word_1_236' title='bbox 1142 3656 1207 3719; x_wconf 83' lang='lat' dir='ltr'><strong>uari</strong></span> <span class='ocrx_word' id='word_1_237' title='bbox 1230 3656 1464 3722; x_wconf 83' lang='lat' dir='ltr'><strong>translationem.</strong></span> <span class='ocrx_word' id='word_1_238' title='bbox 1494 3657 1550 3721; x_wconf 88' lang='lat' dir='ltr'><strong>Ubi</strong></span> 
     </span>
    </p>
   </div>
   <div class='ocr_carea' id='block_1_9' title="bbox 229 3743 1550 4005">
    <p class='ocr_par' dir='ltr' id='par_1_12' title="bbox 229 3743 1550 4005">
     <span class='ocr_line' id='line_1_32' title="bbox 349 3743 1549 3829; baseline 0.001 -20"><span class='ocrx_word' id='word_1_239' title='bbox 349 3748 414 3829; x_wconf 82' lang='lat' dir='ltr'><strong>quie</strong></span> <span class='ocrx_word' id='word_1_240' title='bbox 436 3745 606 3808; x_wconf 84' lang='lat' dir='ltr'><strong>duraturam</strong></span> <span class='ocrx_word' id='word_1_241' title='bbox 631 3745 722 3824; x_wconf 83' lang='lat' dir='ltr'><strong>figere</strong></span> <span class='ocrx_word' id='word_1_242' title='bbox 736 3743 837 3806; x_wconf 85' lang='lat' dir='ltr'><strong>sedem</strong></span> <span class='ocrx_word' id='word_1_243' title='bbox 852 3743 930 3805; x_wconf 86' lang='lat' dir='ltr'><strong>haud</strong></span> <span class='ocrx_word' id='word_1_244' title='bbox 947 3743 1065 3826; x_wconf 85' lang='lat' dir='ltr'><strong>quidem</strong></span> <span class='ocrx_word' id='word_1_245' title='bbox 1080 3745 1217 3816; x_wconf 83' lang='lat' dir='ltr'><strong>intendit,</strong></span> <span class='ocrx_word' id='word_1_246' title='bbox 1240 3757 1442 3810; x_wconf 80' lang='lat' dir='ltr'><strong>verumtamen</strong></span> <span class='ocrx_word' id='word_1_247' title='bbox 1459 3747 1549 3810; x_wconf 83' lang='lat' dir='ltr'><strong>talem</strong></span> 
     </span>
     <span class='ocr_line' id='line_1_33' title="bbox 229 3831 1550 3918; baseline 0.001 -21"><span class='ocrx_word' id='word_1_248' title='bbox 229 3878 233 3886; x_wconf 80' lang='lat'><strong>·</strong></span> <span class='ocrx_word' id='word_1_249' title='bbox 347 3834 515 3898; x_wconf 88' lang='lat' dir='ltr'><strong>habitatin</strong></span> <span class='ocrx_word' id='word_1_250' title='bbox 539 3835 644 3904; x_wconf 81' lang='lat' dir='ltr'><strong>linem.</strong></span> <span class='ocrx_word' id='word_1_251' title='bbox 679 3832 824 3914; x_wconf 84' lang='lat' dir='ltr'><strong>adquam</strong></span> <span class='ocrx_word' id='word_1_252' title='bbox 847 3832 1063 3916; x_wconf 84' lang='lat' dir='ltr'><strong>assequendum</strong></span> <span class='ocrx_word' id='word_1_253' title='bbox 1087 3831 1207 3915; x_wconf 86' lang='lat' dir='ltr'><strong>longior</strong></span> <span class='ocrx_word' id='word_1_254' title='bbox 1229 3838 1423 3899; x_wconf 89' lang='lat' dir='ltr'><strong>commoratio</strong></span> <span class='ocrx_word' id='word_1_255' title='bbox 1446 3838 1550 3918; x_wconf 87' lang='lat' dir='ltr'><strong>requi-</strong></span> 
     </span>
     <span class='ocr_line' id='line_1_34' title="bbox 347 3919 940 4005; baseline -0.008 -19"><span class='ocrx_word' id='word_1_256' title='bbox 347 3925 436 4002; x_wconf 86' lang='lat' dir='ltr'><strong>ritur,</strong></span> <span class='ocrx_word' id='word_1_257' title='bbox 458 3920 501 3986; x_wconf 91' lang='lat' dir='ltr'><strong>ibi</strong></span> <span class='ocrx_word' id='word_1_258' title='bbox 524 3927 609 4005; x_wconf 77' lang='lat' dir='ltr'><strong>quasi</strong></span> <span class='ocrx_word' id='word_1_259' title='bbox 633 3919 819 3984; x_wconf 90' lang='lat' dir='ltr'><strong>domicilium</strong></span> <span class='ocrx_word' id='word_1_260' title='bbox 844 3920 940 3985; x_wconf 88' lang='lat' dir='ltr'><strong>habet.</strong></span> 
     </span>
    </p>
   </div>
   <div class='ocr_carea' id='block_1_10' title="bbox 944 4189 1080 4270">
    <p class='ocr_par' dir='ltr' id='par_1_13' title="bbox 944 4189 1080 4270">
     <span class='ocr_line' id='line_1_35' title="bbox 944 4189 1080 4270; baseline -0.007 -14"><span class='ocrx_word' id='word_1_261' title='bbox 944 4189 973 4270; x_wconf 81' lang='lat'><strong>§-</strong></span> <span class='ocrx_word' id='word_1_262' title='bbox 1000 4195 1080 4256; x_wconf 80' lang='lat' dir='ltr'><strong>dl.&#39;</strong></span> 
     </span>
    </p>
   </div>
   <div class='ocr_carea' id='block_1_11' title="bbox 352 4258 1550 4468">
    <p class='ocr_par' dir='ltr' id='par_1_14' title="bbox 352 4258 1550 4468">
     <span class='ocr_line' id='line_1_36' title="bbox 418 4258 1550 4378; baseline 0.003 -18"><span class='ocrx_word' id='word_1_263' title='bbox 418 4293 520 4374; x_wconf 84' lang='lat' dir='ltr'><strong>Uxor,</strong></span> <span class='ocrx_word' id='word_1_264' title='bbox 554 4295 605 4360; x_wconf 89' lang='lat' dir='ltr'><strong>ubi</strong></span> <span class='ocrx_word' id='word_1_265' title='bbox 643 4299 783 4373; x_wconf 65' lang='lat' dir='ltr'><strong>moriture</strong></span> <span class='ocrx_word' id='word_1_266' title='bbox 799 4277 802 4285; x_wconf 43' lang='grc'>’</span> <span class='ocrx_word' id='word_1_267' title='bbox 817 4301 1027 4373; x_wconf 80' lang='lat' dir='ltr'><strong>minor-ennea,</strong></span> <span class='ocrx_word' id='word_1_268' title='bbox 1063 4297 1113 4360; x_wconf 90' lang='lat' dir='ltr'><strong>uhi</strong></span> <span class='ocrx_word' id='word_1_269' title='bbox 1143 4258 1300 4378; x_wconf 77' lang='lat' dir='ltr'><strong>parentes,</strong></span> <span class='ocrx_word' id='word_1_270' title='bbox 1328 4300 1462 4377; x_wconf 83' lang='lat' dir='ltr'><strong>nutritii,</strong></span> <span class='ocrx_word' id='word_1_271' title='bbox 1498 4299 1550 4364; x_wconf 88' lang='lat' dir='ltr'><strong>ubi</strong></span> 
     </span>
     <span class='ocr_line' id='line_1_37' title="bbox 352 4381 1549 4468; baseline 0.003 -19"><span class='ocrx_word' id='word_1_272' title='bbox 352 4393 452 4463; x_wconf 87' lang='lat' dir='ltr'><strong>tutor,</strong></span> <span class='ocrx_word' id='word_1_273' title='bbox 479 4404 582 4448; x_wconf 85' lang='lat' dir='ltr'><strong>verum</strong></span> <span class='ocrx_word' id='word_1_274' title='bbox 604 4381 713 4448; x_wconf 88' lang='lat' dir='ltr'><strong>habent</strong></span> <span class='ocrx_word' id='word_1_275' title='bbox 736 4382 927 4449; x_wconf 87' lang='lat' dir='ltr'><strong>domicilium.</strong></span> <span class='ocrx_word' id='word_1_276' title='bbox 973 4383 1090 4464; x_wconf 88' lang='lat' dir='ltr'><strong>Locus,</strong></span> <span class='ocrx_word' id='word_1_277' title='bbox 1121 4387 1171 4465; x_wconf 85' lang='lat' dir='ltr'><strong>ubi</strong></span> <span class='ocrx_word' id='word_1_278' title='bbox 1205 4407 1230 4450; x_wconf 89' lang='lat' dir='ltr'><strong>a.</strong></span> <span class='ocrx_word' id='word_1_279' title='bbox 1254 4406 1300 4468; x_wconf 81' lang='lat' dir='ltr'><strong>gr.</strong></span> <span class='ocrx_word' id='word_1_280' title='bbox 1323 4406 1404 4452; x_wconf 83' lang='lat' dir='ltr'><strong>uxor</strong></span> <span class='ocrx_word' id='word_1_281' title='bbox 1423 4391 1549 4452; x_wconf 84' lang='lat' dir='ltr'><strong>seruitia</strong></span> 
     </span>
    </p>
   </div>
   <div class='ocr_carea' id='block_1_12' title="bbox 311 4473 1660 4734">
    <p class='ocr_par' dir='ltr' id='par_1_15' title="bbox 311 4473 1660 4734">
     <span class='ocr_line' id='line_1_38' title="bbox 311 4473 1660 4558; baseline 0.002 -20"><span class='ocrx_word' id='word_1_282' title='bbox 311 4473 318 4486; x_wconf 89' lang='grc'><strong>’</strong></span> <span class='ocrx_word' id='word_1_283' title='bbox 351 4481 501 4557; x_wconf 82' lang='lat' dir='ltr'><strong>praestat,</strong></span> <span class='ocrx_word' id='word_1_284' title='bbox 531 4481 581 4535; x_wconf 88' lang='lat' dir='ltr'><strong>aut</strong></span> <span class='ocrx_word' id='word_1_285' title='bbox 609 4473 792 4537; x_wconf 83' lang='lat' dir='ltr'><strong>minorennis</strong></span> <span class='ocrx_word' id='word_1_286' title='bbox 823 4473 986 4537; x_wconf 84' lang='lat' dir='ltr'><strong>strrdiorum</strong></span> <span class='ocrx_word' id='word_1_287' title='bbox 1018 4494 1089 4556; x_wconf 87' lang='lat' dir='ltr'><strong>ergo</strong></span> <span class='ocrx_word' id='word_1_288' title='bbox 1121 4485 1320 4539; x_wconf 86' lang='lat' dir='ltr'><strong>commoratur</strong></span> <span class='ocrx_word' id='word_1_289' title='bbox 1348 4476 1397 4540; x_wconf 77' lang='lat' dir='ltr'><strong>vcl</strong></span> <span class='ocrx_word' id='word_1_290' title='bbox 1418 4496 1550 4558; x_wconf 84' lang='lat' dir='ltr'><strong>persona</strong></span> <span class='ocrx_word' id='word_1_291' title='bbox 1659 4507 1660 4556; x_wconf 72' lang='lat'>3</span> 
     </span>
     <span class='ocr_line' id='line_1_39' title="bbox 353 4561 1548 4648; baseline 0.003 -24"><span class='ocrx_word' id='word_1_292' title='bbox 353 4561 494 4626; x_wconf 85' lang='lat' dir='ltr'><strong>militaris</strong></span> <span class='ocrx_word' id='word_1_293' title='bbox 524 4567 632 4625; x_wconf 83' lang='lat' dir='ltr'><strong>stativa</strong></span> <span class='ocrx_word' id='word_1_294' title='bbox 659 4562 764 4640; x_wconf 87' lang='lat' dir='ltr'><strong>habet,</strong></span> <span class='ocrx_word' id='word_1_295' title='bbox 795 4563 928 4643; x_wconf 85' lang='lat' dir='ltr'><strong>ipsorum</strong></span> <span class='ocrx_word' id='word_1_296' title='bbox 956 4568 1043 4648; x_wconf 86' lang='lat' dir='ltr'><strong>quusi</strong></span> <span class='ocrx_word' id='word_1_297' title='bbox 1073 4561 1255 4628; x_wconf 85' lang='lat' dir='ltr'><strong>domicilium</strong></span> <span class='ocrx_word' id='word_1_298' title='bbox 1282 4565 1466 4647; x_wconf 85' lang='lat' dir='ltr'><strong>reputandus</strong></span> <span class='ocrx_word' id='word_1_299' title='bbox 1489 4575 1548 4630; x_wconf 84' lang='lat' dir='ltr'><strong>eet.</strong></span> 
     </span>
     <span class='ocr_line' id='line_1_40' title="bbox 355 4645 1660 4734; baseline 0.005 -21"><span class='ocrx_word' id='word_1_300' title='bbox 355 4646 483 4728; x_wconf 79' lang='lat' dir='ltr'><strong>Quinam</strong></span> <span class='ocrx_word' id='word_1_301' title='bbox 510 4652 692 4714; x_wconf 86' lang='lat' dir='ltr'><strong>minorenuis</strong></span> <span class='ocrx_word' id='word_1_302' title='bbox 723 4651 888 4714; x_wconf 83' lang='lat' dir='ltr'><strong>censendus</strong></span> <span class='ocrx_word' id='word_1_303' title='bbox 920 4651 967 4716; x_wconf 86' lang='lat' dir='ltr'><strong>ucl</strong></span> <span class='ocrx_word' id='word_1_304' title='bbox 996 4653 1220 4716; x_wconf 81' lang='lat' dir='ltr'><strong>minoreuuibua</strong></span> <span class='ocrx_word' id='word_1_305' title='bbox 1256 4654 1349 4734; x_wconf 80' lang='lat' dir='ltr'><strong>quoad</strong></span> <span class='ocrx_word' id='word_1_306' title='bbox 1389 4652 1551 4719; x_wconf 76' lang='lat' dir='ltr'><strong>relationes</strong></span> <span class='ocrx_word' id='word_1_307' title='bbox 1659 4645 1660 4706; x_wconf 64' lang='grc' dir='ltr'>ἶ</span> 
     </span>
    </p>
   </div>
   <div class='ocr_carea' id='block_1_13' title="bbox 247 4735 1552 4890">
    <p class='ocr_par' dir='ltr' id='par_1_16' title="bbox 247 4723 1660 4890">
     <span class='ocr_line' id='line_1_41' title="bbox 247 4735 1549 4888; baseline 0.025 -110"><span class='ocrx_word' id='word_1_308' title='bbox 247 4771 251 4778; x_wconf 94' lang='grc'><strong>.</strong></span> <span class='ocrx_word' id='word_1_309' title='bbox 350 4735 498 4888; x_wconf 55' lang='lat' dir='ltr'><strong>juriptpm</strong></span> <span class='ocrx_word' id='word_1_310' title='bbox 527 4736 759 4822; x_wconf 69' lang='lat' dir='ltr'><strong>aequiparandus</strong></span> <span class='ocrx_word' id='word_1_311' title='bbox 788 4743 846 4816; x_wconf 83' lang='lat' dir='ltr'><strong>sit,</strong></span> <span class='ocrx_word' id='word_1_312' title='bbox 873 4737 961 4824; x_wconf 77' lang='lat' dir='ltr'><strong>juxta</strong></span> <span class='ocrx_word' id='word_1_313' title='bbox 988 4739 1088 4821; x_wconf 76' lang='lat' dir='ltr'><strong>legem</strong></span> <span class='ocrx_word' id='word_1_314' title='bbox 1109 4743 1297 4806; x_wconf 79' lang='lat' dir='ltr'><strong>Auetrhcam</strong></span> <span class='ocrx_word' id='word_1_315' title='bbox 1325 4742 1549 4828; x_wconf 81' lang='lat' dir='ltr'><strong>dijudicandum</strong></span> 
     </span>
     <span class='ocr_line' id='line_1_42' title="bbox 354 4844 1552 4890; baseline 0.043 -3"><span class='ocrx_word' id='word_1_316' title='bbox 354 4844 424 4890; x_wconf 84' lang='lat' dir='ltr'><strong>vanu</strong></span> <span class='ocrx_word' id='word_1_317' title='bbox 1545 4853 1552 4878; x_wconf 86' lang='lat'>&#39;</span> 
     </span>
    </p>
   </div>
   <div class='ocr_carea' id='block_1_14' title="bbox 0 0 1688 5220">
    <p class='ocr_par' dir='ltr' id='par_1_17' title="bbox 0 0 1688 5220">
     <span class='ocr_line' id='line_1_43' title="bbox 0 0 1688 5220; baseline 0 0"><span class='ocrx_word' id='word_1_318' title='bbox 0 0 1688 5220; x_wconf 95' lang='lat' dir='ltr'><strong> </strong></span> 
     </span>
    </p>
   </div>
  </div>
 </body>
</html>
