<?xml version="1.0" encoding="UTF-8"?>
<!DOCTYPE html PUBLIC "-//W3C//DTD XHTML 1.0 Transitional//EN"
    "http://www.w3.org/TR/xhtml1/DTD/xhtml1-transitional.dtd">
<html xmlns="http://www.w3.org/1999/xhtml" xml:lang="en" lang="en">
 <head>
  <title>
</title>
<meta http-equiv="Content-Type" content="text/html;charset=utf-8" />
  <meta name='ocr-system' content='tesseract 3.04.00' />
  <meta name='ocr-capabilities' content='ocr_page ocr_carea ocr_par ocr_line ocrx_word'/>
</head>
<body>
  <div class='ocr_page' id='page_1' title='image "./archivfrkatholi08jurigoog_0187.png"; bbox 0 0 3346 5216; ppageno 0'>
   <div class='ocr_carea' id='block_1_1' title="bbox 120 343 1490 2781">
    <p class='ocr_par' dir='ltr' id='par_1_1' title="bbox 120 343 1490 2781">
     <span class='ocr_line' id='line_1_1' title="bbox 125 343 1480 431; baseline -0.001 -22"><span class='ocrx_word' id='word_1_1' title='bbox 125 346 283 430; x_wconf 72' lang='lat' dir='ltr'>pugnando</span> <span class='ocrx_word' id='word_1_2' title='bbox 306 365 366 411; x_wconf 87' lang='lat' dir='ltr'>non</span> <span class='ocrx_word' id='word_1_3' title='bbox 389 346 934 426; x_wconf 58' lang='lat' dir='ltr'>nemorumnemorum,</span> <span class='ocrx_word' id='word_1_4' title='bbox 957 366 1043 431; x_wconf 79' lang='lat' dir='ltr'>quam</span> <span class='ocrx_word' id='word_1_5' title='bbox 1066 366 1130 413; x_wconf 86' lang='lat' dir='ltr'>eam</span> <span class='ocrx_word' id='word_1_6' title='bbox 1152 343 1246 413; x_wconf 84' lang='lat' dir='ltr'>selide</span> <span class='ocrx_word' id='word_1_7' title='bbox 1267 346 1374 412; x_wconf 82' lang='lat' dir='ltr'>conici</span> <span class='ocrx_word' id='word_1_8' title='bbox 1387 364 1480 428; x_wconf 88' lang='lat' dir='ltr'>posse</span> 
     </span>
     <span class='ocr_line' id='line_1_2' title="bbox 120 449 1478 536; baseline -0.002 -21"><span class='ocrx_word' id='word_1_9' title='bbox 120 452 314 533; x_wconf 76' lang='lat' dir='ltr'>confidimus,</span> <span class='ocrx_word' id='word_1_10' title='bbox 336 455 365 517; x_wconf 80' lang='lat' dir='ltr'>ei</span> <span class='ocrx_word' id='word_1_11' title='bbox 388 471 454 517; x_wconf 79' lang='lat' dir='ltr'>mm</span> <span class='ocrx_word' id='word_1_12' title='bbox 477 449 543 516; x_wconf 89' lang='lat' dir='ltr'>illis</span> <span class='ocrx_word' id='word_1_13' title='bbox 565 454 709 517; x_wconf 80' lang='lat' dir='ltr'>aduersus</span> <span class='ocrx_word' id='word_1_14' title='bbox 732 455 895 517; x_wconf 77' lang='lat' dir='ltr'>sententiae</span> <span class='ocrx_word' id='word_1_15' title='bbox 918 464 1059 536; x_wconf 72' lang='lat' dir='ltr'>patrones</span> <span class='ocrx_word' id='word_1_16' title='bbox 1080 455 1244 518; x_wconf 75' lang='lat' dir='ltr'>comminue</span> <span class='ocrx_word' id='word_1_17' title='bbox 1261 453 1478 534; x_wconf 75' lang='lat' dir='ltr'>aggrediemur.</span> 
     </span>
     <span class='ocr_line' id='line_1_3' title="bbox 120 556 1482 645; baseline -0.001 -24"><span class='ocrx_word' id='word_1_18' title='bbox 120 556 240 642; x_wconf 80' lang='lat' dir='ltr'>Duplici</span> <span class='ocrx_word' id='word_1_19' title='bbox 271 593 315 609; x_wconf 87' lang='lat'>-</span> <span class='ocrx_word' id='word_1_20' title='bbox 341 559 430 645; x_wconf 82' lang='lat' dir='ltr'>juvet</span> <span class='ocrx_word' id='word_1_21' title='bbox 458 559 539 622; x_wconf 91' lang='lat' dir='ltr'>enim</span> <span class='ocrx_word' id='word_1_22' title='bbox 569 561 600 623; x_wconf 94' lang='lat' dir='ltr'>ln</span> <span class='ocrx_word' id='word_1_23' title='bbox 629 568 814 623; x_wconf 68' lang='lat' dir='ltr'>antecessum</span> <span class='ocrx_word' id='word_1_24' title='bbox 845 560 935 624; x_wconf 88' lang='lat' dir='ltr'>totius</span> <span class='ocrx_word' id='word_1_25' title='bbox 964 560 1230 644; x_wconf 71' lang='lat' dir='ltr'>argumentationis</span> <span class='ocrx_word' id='word_1_26' title='bbox 1264 559 1482 642; x_wconf 70' lang='lat' dir='ltr'>aliquantisper</span> 
     </span>
     <span class='ocr_line' id='line_1_4' title="bbox 120 664 1482 749; baseline -0.001 -20"><span class='ocrx_word' id='word_1_27' title='bbox 120 685 260 729; x_wconf 76' lang='lat' dir='ltr'>enarrare</span> <span class='ocrx_word' id='word_1_28' title='bbox 292 664 443 744; x_wconf 79' lang='lat' dir='ltr'>indolem,</span> <span class='ocrx_word' id='word_1_29' title='bbox 474 676 506 729; x_wconf 90' lang='lat' dir='ltr'>ut</span> <span class='ocrx_word' id='word_1_30' title='bbox 536 686 573 729; x_wconf 91' lang='lat' dir='ltr'>eo</span> <span class='ocrx_word' id='word_1_31' title='bbox 602 664 712 731; x_wconf 88' lang='lat' dir='ltr'>melius</span> <span class='ocrx_word' id='word_1_32' title='bbox 744 676 846 749; x_wconf 87' lang='lat' dir='ltr'>postea</span> <span class='ocrx_word' id='word_1_33' title='bbox 877 668 1005 731; x_wconf 83' lang='lat' dir='ltr'>sentietn</span> <span class='ocrx_word' id='word_1_34' title='bbox 1027 668 1176 730; x_wconf 77' lang='lat' dir='ltr'>rationum</span> <span class='ocrx_word' id='word_1_35' title='bbox 1210 667 1258 729; x_wconf 79' lang='lat' dir='ltr'>vis</span> <span class='ocrx_word' id='word_1_36' title='bbox 1281 667 1482 749; x_wconf 73' lang='lat' dir='ltr'>probandique</span> 
     </span>
     <span class='ocr_line' id='line_1_5' title="bbox 123 768 1481 856; baseline -0.001 -19"><span class='ocrx_word' id='word_1_37' title='bbox 123 780 314 837; x_wconf 85' lang='lat' dir='ltr'>nomentum.</span> <span class='ocrx_word' id='word_1_38' title='bbox 332 806 374 819; x_wconf 89' lang='lat'>-</span> <span class='ocrx_word' id='word_1_39' title='bbox 390 768 513 855; x_wconf 78' lang='lat' dir='ltr'><strong>Duplici</strong></span> <span class='ocrx_word' id='word_1_40' title='bbox 535 773 628 854; x_wconf 78' lang='lat' dir='ltr'>igitur</span> <span class='ocrx_word' id='word_1_41' title='bbox 643 780 759 835; x_wconf 87' lang='lat' dir='ltr'>utemur</span> <span class='ocrx_word' id='word_1_42' title='bbox 778 790 927 837; x_wconf 85' lang='lat' dir='ltr'>armorum</span> <span class='ocrx_word' id='word_1_43' title='bbox 950 792 1058 856; x_wconf 80' lang='lat' dir='ltr'>genere</span> <span class='ocrx_word' id='word_1_44' title='bbox 1075 771 1116 854; x_wconf 82' lang='lat'>¹),</span> <span class='ocrx_word' id='word_1_45' title='bbox 1140 792 1174 835; x_wconf 93' lang='lat' dir='ltr'>ac</span> <span class='ocrx_word' id='word_1_46' title='bbox 1188 774 1343 852; x_wconf 79' lang='lat' dir='ltr'>pre&#39;rteipt&#39;e</span> <span class='ocrx_word' id='word_1_47' title='bbox 1366 772 1481 854; x_wconf 91' lang='lat' dir='ltr'>quidem</span> 
     </span>
     <span class='ocr_line' id='line_1_6' title="bbox 121 878 1482 962; baseline 0.001 -20"><span class='ocrx_word' id='word_1_48' title='bbox 121 898 155 942; x_wconf 78' lang='lat' dir='ltr'>er</span> <span class='ocrx_word' id='word_1_49' title='bbox 176 882 363 961; x_wconf 58' lang='lat' dir='ltr'>armamento</span> <span class='ocrx_word' id='word_1_50' title='bbox 385 881 553 952; x_wconf 69' lang='lat' dir='ltr'>uterorum,</span> <span class='ocrx_word' id='word_1_51' title='bbox 586 899 659 960; x_wconf 91' lang='lat' dir='ltr'>quae</span> <span class='ocrx_word' id='word_1_52' title='bbox 690 878 729 943; x_wconf 89' lang='lat' dir='ltr'>ui</span> <span class='ocrx_word' id='word_1_53' title='bbox 752 882 925 946; x_wconf 67' lang='lat' dir='ltr'>extrinseco</span> <span class='ocrx_word' id='word_1_54' title='bbox 948 879 1070 944; x_wconf 80' lang='lat' dir='ltr'>rudiunt</span> <span class='ocrx_word' id='word_1_55' title='bbox 1093 878 1274 962; x_wconf 83' lang='lat' dir='ltr'>proindeque</span> <span class='ocrx_word' id='word_1_56' title='bbox 1296 878 1364 956; x_wconf 87' lang='lat' dir='ltr'>tole,</span> <span class='ocrx_word' id='word_1_57' title='bbox 1388 890 1420 942; x_wconf 94' lang='lat' dir='ltr'>ut</span> <span class='ocrx_word' id='word_1_58' title='bbox 1443 881 1482 943; x_wconf 88' lang='lat' dir='ltr'>ita</span> 
     </span>
     <span class='ocr_line' id='line_1_7' title="bbox 122 985 1483 1070; baseline -0.001 -21"><span class='ocrx_word' id='word_1_59' title='bbox 122 987 236 1060; x_wconf 84' lang='lat' dir='ltr'>dicam,</span> <span class='ocrx_word' id='word_1_60' title='bbox 267 1004 302 1047; x_wconf 86' lang='lat' dir='ltr'>ee</span> <span class='ocrx_word' id='word_1_61' title='bbox 326 987 452 1068; x_wconf 84' lang='lat' dir='ltr'>sagittus</span> <span class='ocrx_word' id='word_1_62' title='bbox 474 987 642 1051; x_wconf 76' lang='lat' dir='ltr'>emittemus</span> <span class='ocrx_word' id='word_1_63' title='bbox 663 987 798 1060; x_wconf 68' lang='lat' dir='ltr'>moue,</span> <span class='ocrx_word' id='word_1_64' title='bbox 829 987 1021 1070; x_wconf 81' lang='lat' dir='ltr'>prohibentes</span> <span class='ocrx_word' id='word_1_65' title='bbox 1044 989 1098 1063; x_wconf 88' lang='lat' dir='ltr'>sic,</span> <span class='ocrx_word' id='word_1_66' title='bbox 1121 1006 1158 1050; x_wconf 92' lang='lat' dir='ltr'>ne</span> <span class='ocrx_word' id='word_1_67' title='bbox 1180 986 1319 1050; x_wconf 78' lang='lat' dir='ltr'>Petrinus</span> <span class='ocrx_word' id='word_1_68' title='bbox 1340 985 1483 1048; x_wconf 83' lang='lat' dir='ltr'>Romanis</span> 
     </span>
     <span class='ocr_line' id='line_1_8' title="bbox 122 1092 1484 1177; baseline 0.001 -22"><span class='ocrx_word' id='word_1_69' title='bbox 122 1102 321 1177; x_wconf 82' lang='lat' dir='ltr'>praepostera</span> <span class='ocrx_word' id='word_1_70' title='bbox 343 1094 377 1156; x_wconf 89' lang='lat' dir='ltr'>in</span> <span class='ocrx_word' id='word_1_71' title='bbox 399 1092 460 1159; x_wconf 82' lang='lat' dir='ltr'>suis</span> <span class='ocrx_word' id='word_1_72' title='bbox 483 1092 607 1159; x_wconf 77' lang='lat' dir='ltr'>edendis</span> <span class='ocrx_word' id='word_1_73' title='bbox 629 1093 756 1159; x_wconf 82' lang='lat' dir='ltr'>decretis</span> <span class='ocrx_word' id='word_1_74' title='bbox 776 1112 861 1159; x_wconf 87' lang='lat' dir='ltr'>mens</span> <span class='ocrx_word' id='word_1_75' title='bbox 882 1095 1049 1175; x_wconf 72' lang='lat' dir='ltr'>elongetur,</span> <span class='ocrx_word' id='word_1_76' title='bbox 1074 1094 1246 1176; x_wconf 75' lang='lat' dir='ltr'>quaeipsis</span> <span class='ocrx_word' id='word_1_77' title='bbox 1268 1110 1410 1175; x_wconf 69' lang='lat' dir='ltr'>nusquam</span> <span class='ocrx_word' id='word_1_78' title='bbox 1433 1093 1484 1156; x_wconf 93' lang='lat' dir='ltr'>in-</span> 
     </span>
     <span class='ocr_line' id='line_1_9' title="bbox 121 1197 1484 1283; baseline -0.004 -19"><span class='ocrx_word' id='word_1_79' title='bbox 121 1201 212 1277; x_wconf 79' lang='lat' dir='ltr'>sedit3</span> <span class='ocrx_word' id='word_1_80' title='bbox 237 1199 439 1263; x_wconf 74' lang='lat' dir='ltr'>deluderem</span> <span class='ocrx_word' id='word_1_81' title='bbox 461 1203 642 1283; x_wconf 75' lang='lat' dir='ltr'>arqummta</span> <span class='ocrx_word' id='word_1_82' title='bbox 673 1201 809 1265; x_wconf 80' lang='lat' dir='ltr'>debimns</span> <span class='ocrx_word' id='word_1_83' title='bbox 837 1200 876 1265; x_wconf 88' lang='lat' dir='ltr'>ab</span> <span class='ocrx_word' id='word_1_84' title='bbox 904 1204 1073 1265; x_wconf 82' lang='lat' dir='ltr'>e‘rttrt&#39;neeeo</span> <span class='ocrx_word' id='word_1_85' title='bbox 1102 1201 1210 1282; x_wconf 83' lang='lat' dir='ltr'>petita,</span> <span class='ocrx_word' id='word_1_86' title='bbox 1242 1208 1331 1282; x_wconf 87' lang='lat' dir='ltr'>atque</span> <span class='ocrx_word' id='word_1_87' title='bbox 1361 1200 1402 1261; x_wconf 89' lang='lat' dir='ltr'>ite</span> <span class='ocrx_word' id='word_1_88' title='bbox 1426 1197 1484 1260; x_wconf 89' lang='lat' dir='ltr'>ad-</span> 
     </span>
     <span class='ocr_line' id='line_1_10' title="bbox 122 1304 1485 1387; baseline -0.004 -16"><span class='ocrx_word' id='word_1_89' title='bbox 122 1307 288 1371; x_wconf 74' lang='lat' dir='ltr'>hibebimus</span> <span class='ocrx_word' id='word_1_90' title='bbox 309 1326 408 1383; x_wconf 79' lang='lat' dir='ltr'>mma,</span> <span class='ocrx_word' id='word_1_91' title='bbox 432 1305 538 1387; x_wconf 82' lang='lat' dir='ltr'>quibua</span> <span class='ocrx_word' id='word_1_92' title='bbox 563 1327 629 1371; x_wconf 86' lang='lat' dir='ltr'>cum</span> <span class='ocrx_word' id='word_1_93' title='bbox 650 1306 823 1371; x_wconf 82' lang='lat' dir='ltr'>edversario</span> <span class='ocrx_word' id='word_1_94' title='bbox 846 1308 939 1371; x_wconf 84' lang='lat' dir='ltr'>thesis</span> <span class='ocrx_word' id='word_1_95' title='bbox 960 1317 1081 1371; x_wconf 85' lang='lat' dir='ltr'>nostres</span> <span class='ocrx_word' id='word_1_96' title='bbox 1103 1304 1196 1369; x_wconf 73' lang='lat' dir='ltr'>veluti</span> <span class='ocrx_word' id='word_1_97' title='bbox 1219 1306 1386 1369; x_wconf 64' lang='lat' dir='ltr'>comedetur</span> <span class='ocrx_word' id='word_1_98' title='bbox 1408 1324 1485 1367; x_wconf 91' lang='lat' dir='ltr'>con-</span> 
     </span>
     <span class='ocr_line' id='line_1_11' title="bbox 120 1412 1486 1496; baseline -0.004 -17"><span class='ocrx_word' id='word_1_99' title='bbox 120 1413 251 1479; x_wconf 86' lang='lat' dir='ltr'>serendo</span> <span class='ocrx_word' id='word_1_100' title='bbox 272 1433 381 1478; x_wconf 87' lang='lat' dir='ltr'>manus</span> <span class='ocrx_word' id='word_1_101' title='bbox 403 1412 556 1477; x_wconf 75' lang='lat' dir='ltr'>vintoniam</span> <span class='ocrx_word' id='word_1_102' title='bbox 579 1432 637 1477; x_wconf 90' lang='lat' dir='ltr'>nos</span> <span class='ocrx_word' id='word_1_103' title='bbox 660 1432 729 1478; x_wconf 87' lang='lat' dir='ltr'>esse</span> <span class='ocrx_word' id='word_1_104' title='bbox 746 1424 954 1479; x_wconf 89' lang='lat' dir='ltr'>consecutores</span> <span class='ocrx_word' id='word_1_105' title='bbox 971 1433 1137 1496; x_wconf 77' lang='lat' dir='ltr'>speramus.</span> <span class='ocrx_word' id='word_1_106' title='bbox 1184 1414 1239 1479; x_wconf 78' lang='lat' dir='ltr'>Aet</span> <span class='ocrx_word' id='word_1_107' title='bbox 1264 1432 1405 1496; x_wconf 79' lang='lat' dir='ltr'>quaenam</span> <span class='ocrx_word' id='word_1_108' title='bbox 1417 1422 1486 1474; x_wconf 89' lang='lat' dir='ltr'>sunt</span> 
     </span>
     <span class='ocr_line' id='line_1_12' title="bbox 122 1518 1485 1606; baseline -0.002 -21"><span class='ocrx_word' id='word_1_109' title='bbox 122 1523 177 1585; x_wconf 85' lang='lat' dir='ltr'>ista</span> <span class='ocrx_word' id='word_1_110' title='bbox 206 1522 360 1587; x_wconf 74' lang='lat' dir='ltr'>noenum</span> <span class='ocrx_word' id='word_1_111' title='bbox 392 1528 558 1595; x_wconf 60' lang='lat' dir='ltr'>momenta„</span> <span class='ocrx_word' id='word_1_112' title='bbox 586 1540 659 1603; x_wconf 90' lang='lat' dir='ltr'>quee</span> <span class='ocrx_word' id='word_1_113' title='bbox 689 1540 788 1599; x_wconf 82' lang='lat' dir='ltr'>armo,</span> <span class='ocrx_word' id='word_1_114' title='bbox 819 1523 924 1606; x_wconf 80' lang='lat' dir='ltr'>quibus</span> <span class='ocrx_word' id='word_1_115' title='bbox 947 1521 1117 1585; x_wconf 78' lang='lat' dir='ltr'>enuntiatae</span> <span class='ocrx_word' id='word_1_116' title='bbox 1138 1518 1353 1601; x_wconf 83' lang='lat' dir='ltr'>propositionis</span> <span class='ocrx_word' id='word_1_117' title='bbox 1374 1520 1485 1582; x_wconf 76' lang='lat' dir='ltr'>veritas</span> 
     </span>
     <span class='ocr_line' id='line_1_13' title="bbox 123 1625 1485 1710; baseline -0.002 -19"><span class='ocrx_word' id='word_1_118' title='bbox 123 1630 241 1691; x_wconf 70' lang='lat' dir='ltr'>eninm</span> <span class='ocrx_word' id='word_1_119' title='bbox 264 1630 489 1709; x_wconf 79' lang='lat' dir='ltr'>propuguetur?</span> <span class='ocrx_word' id='word_1_120' title='bbox 521 1627 591 1691; x_wconf 87' lang='lat' dir='ltr'>Non</span> <span class='ocrx_word' id='word_1_121' title='bbox 621 1625 744 1693; x_wconf 86' lang='lat' dir='ltr'>eliunde</span> <span class='ocrx_word' id='word_1_122' title='bbox 774 1629 882 1697; x_wconf 88' lang='lat' dir='ltr'>dedaci</span> <span class='ocrx_word' id='word_1_123' title='bbox 908 1626 961 1692; x_wconf 83' lang='lat' dir='ltr'>illa</span> <span class='ocrx_word' id='word_1_124' title='bbox 982 1630 1081 1710; x_wconf 87' lang='lat' dir='ltr'>uptius</span> <span class='ocrx_word' id='word_1_125' title='bbox 1103 1646 1191 1707; x_wconf 89' lang='lat' dir='ltr'>posse</span> <span class='ocrx_word' id='word_1_126' title='bbox 1212 1635 1302 1708; x_wconf 80' lang='lat' dir='ltr'>puto,</span> <span class='ocrx_word' id='word_1_127' title='bbox 1337 1645 1423 1709; x_wconf 89' lang='lat' dir='ltr'>quam</span> <span class='ocrx_word' id='word_1_128' title='bbox 1447 1645 1485 1689; x_wconf 83' lang='lat' dir='ltr'>ex</span> 
     </span>
     <span class='ocr_line' id='line_1_14' title="bbox 123 1731 1485 1818; baseline -0.004 -19"><span class='ocrx_word' id='word_1_129' title='bbox 123 1737 187 1817; x_wconf 79' lang='lat' dir='ltr'>t&#39;pro</span> <span class='ocrx_word' id='word_1_130' title='bbox 206 1736 306 1817; x_wconf 81' lang='lat' dir='ltr'>facto</span> <span class='ocrx_word' id='word_1_131' title='bbox 329 1743 359 1797; x_wconf 92' lang='lat' dir='ltr'>et</span> <span class='ocrx_word' id='word_1_132' title='bbox 377 1733 506 1816; x_wconf 80' lang='lat' dir='ltr'>probato</span> <span class='ocrx_word' id='word_1_133' title='bbox 530 1732 670 1799; x_wconf 83' lang='lat' dir='ltr'>ecclesiae</span> <span class='ocrx_word' id='word_1_134' title='bbox 691 1754 767 1809; x_wconf 75' lang='lat' dir='ltr'>eeu,</span> <span class='ocrx_word' id='word_1_135' title='bbox 799 1756 856 1818; x_wconf 81' lang='lat' dir='ltr'>quo</span> <span class='ocrx_word' id='word_1_136' title='bbox 879 1735 1113 1799; x_wconf 85' lang='lat' dir='ltr'>sc.·certissime</span> <span class='ocrx_word' id='word_1_137' title='bbox 1136 1734 1174 1797; x_wconf 89' lang='lat' dir='ltr'>de</span> <span class='ocrx_word' id='word_1_138' title='bbox 1195 1734 1308 1797; x_wconf 80' lang='lat' dir='ltr'>Summi</span> <span class='ocrx_word' id='word_1_139' title='bbox 1329 1731 1485 1797; x_wconf 82' lang='lat' dir='ltr'>Pontificio</span> 
     </span>
     <span class='ocr_line' id='line_1_15' title="bbox 126 1836 1487 1921; baseline -0.004 -14"><span class='ocrx_word' id='word_1_140' title='bbox 126 1850 223 1907; x_wconf 85' lang='lat' dir='ltr'>mente</span> <span class='ocrx_word' id='word_1_141' title='bbox 248 1850 386 1919; x_wconf 81' lang='lat' dir='ltr'>constet3</span> <span class='ocrx_word' id='word_1_142' title='bbox 409 1843 437 1905; x_wconf 87' lang='lat' dir='ltr'>si</span> <span class='ocrx_word' id='word_1_143' title='bbox 460 1843 540 1905; x_wconf 84' lang='lat' dir='ltr'>enim</span> <span class='ocrx_word' id='word_1_144' title='bbox 562 1850 647 1907; x_wconf 85' lang='lat' dir='ltr'>extra</span> <span class='ocrx_word' id='word_1_145' title='bbox 670 1861 787 1907; x_wconf 87' lang='lat' dir='ltr'>omnem</span> <span class='ocrx_word' id='word_1_146' title='bbox 811 1842 1006 1908; x_wconf 85' lang='lat' dir='ltr'>dubitationis</span> <span class='ocrx_word' id='word_1_147' title='bbox 1028 1836 1122 1907; x_wconf 91' lang='lat' dir='ltr'>aleam</span> <span class='ocrx_word' id='word_1_148' title='bbox 1143 1840 1272 1921; x_wconf 87' lang='lat' dir='ltr'>positum</span> <span class='ocrx_word' id='word_1_149' title='bbox 1304 1856 1373 1903; x_wconf 85' lang='lat' dir='ltr'>esse</span> <span class='ocrx_word' id='word_1_150' title='bbox 1394 1839 1487 1904; x_wconf 84' lang='lat' dir='ltr'>fuerit</span> 
     </span>
     <span class='ocr_line' id='line_1_16' title="bbox 124 1946 1486 2029; baseline -0.004 -16"><span class='ocrx_word' id='word_1_151' title='bbox 124 1960 296 2020; x_wconf 63' lang='lat' dir='ltr'>ostensum</span> <span class='ocrx_word' id='word_1_152' title='bbox 318 1949 484 2017; x_wconf 80' lang='lat' dir='ltr'>Romnum</span> <span class='ocrx_word' id='word_1_153' title='bbox 506 1946 679 2017; x_wconf 86' lang='lat' dir='ltr'>Praesulem</span> <span class='ocrx_word' id='word_1_154' title='bbox 701 1969 762 2015; x_wconf 86' lang='lat' dir='ltr'>non</span> <span class='ocrx_word' id='word_1_155' title='bbox 785 1951 874 2017; x_wconf 86' lang='lat' dir='ltr'>modo</span> <span class='ocrx_word' id='word_1_156' title='bbox 896 1970 959 2015; x_wconf 90' lang='lat' dir='ltr'>non</span> <span class='ocrx_word' id='word_1_157' title='bbox 979 1946 1057 2013; x_wconf 77' lang='lat' dir='ltr'>telle</span> <span class='ocrx_word' id='word_1_158' title='bbox 1072 1967 1193 2029; x_wconf 87' lang='lat' dir='ltr'>semper</span> <span class='ocrx_word' id='word_1_159' title='bbox 1214 1966 1269 2028; x_wconf 86' lang='lat' dir='ltr'>per</span> <span class='ocrx_word' id='word_1_160' title='bbox 1291 1966 1345 2010; x_wconf 90' lang='lat' dir='ltr'>sua</span> <span class='ocrx_word' id='word_1_161' title='bbox 1367 1946 1486 2009; x_wconf 78' lang='lat' dir='ltr'>decreto</span> 
     </span>
     <span class='ocr_line' id='line_1_17' title="bbox 124 2050 1485 2140; baseline -0.004 -21"><span class='ocrx_word' id='word_1_162' title='bbox 124 2076 231 2140; x_wconf 81' lang='lat' dir='ltr'>perque</span> <span class='ocrx_word' id='word_1_163' title='bbox 263 2055 401 2118; x_wconf 88' lang='lat' dir='ltr'>rubricas</span> <span class='ocrx_word' id='word_1_164' title='bbox 432 2054 520 2123; x_wconf 82' lang='lat' dir='ltr'>etiem</span> <span class='ocrx_word' id='word_1_165' title='bbox 549 2057 721 2131; x_wconf 82' lang='lat' dir='ltr'>universus,</span> <span class='ocrx_word' id='word_1_166' title='bbox 752 2058 780 2121; x_wconf 89' lang='lat' dir='ltr'>ei</span> <span class='ocrx_word' id='word_1_167' title='bbox 801 2056 933 2122; x_wconf 89' lang='lat' dir='ltr'>litteram</span> <span class='ocrx_word' id='word_1_168' title='bbox 955 2064 1093 2135; x_wconf 87' lang='lat' dir='ltr'>spectes,</span> <span class='ocrx_word' id='word_1_169' title='bbox 1127 2050 1271 2118; x_wconf 87' lang='lat' dir='ltr'>ecclesiae</span> <span class='ocrx_word' id='word_1_170' title='bbox 1293 2074 1310 2116; x_wconf 85' lang='lat' dir='ltr'>u</span> <span class='ocrx_word' id='word_1_171' title='bbox 1332 2054 1365 2116; x_wconf 82' lang='lat' dir='ltr'>S.</span> <span class='ocrx_word' id='word_1_172' title='bbox 1389 2051 1426 2117; x_wconf 70' lang='lat' dir='ltr'>lb</span> <span class='ocrx_word' id='word_1_173' title='bbox 1450 2051 1485 2116; x_wconf 82' lang='lat' dir='ltr'>C.</span> 
     </span>
     <span class='ocr_line' id='line_1_18' title="bbox 127 2159 1487 2246; baseline -0.008 -15"><span class='ocrx_word' id='word_1_174' title='bbox 127 2161 333 2246; x_wconf 74' lang='lat' dir='ltr'>pmseripns</span> <span class='ocrx_word' id='word_1_175' title='bbox 355 2161 535 2229; x_wconf 86' lang='lat' dir='ltr'>laudabilem</span> <span class='ocrx_word' id='word_1_176' title='bbox 554 2162 684 2246; x_wconf 77' lang='lat' dir='ltr'>aliquem</span> <span class='ocrx_word' id='word_1_177' title='bbox 704 2161 894 2246; x_wconf 72' lang='lat' dir='ltr'>legitimeque</span> <span class='ocrx_word' id='word_1_178' title='bbox 907 2162 1106 2227; x_wconf 80' lang='lat' dir='ltr'>introductum</span> <span class='ocrx_word' id='word_1_179' title='bbox 1123 2160 1368 2226; x_wconf 82' lang='lat' dir='ltr'>consuetudinem</span> <span class='ocrx_word' id='word_1_180' title='bbox 1382 2159 1487 2241; x_wconf 91' lang='lat' dir='ltr'>ubique</span> 
     </span>
     <span class='ocr_line' id='line_1_19' title="bbox 127 2266 1488 2353; baseline -0.005 -18"><span class='ocrx_word' id='word_1_181' title='bbox 127 2271 313 2351; x_wconf 74' lang='lat' dir='ltr'>abrogetur,</span> <span class='ocrx_word' id='word_1_182' title='bbox 334 2268 386 2332; x_wconf 84' lang='lat' dir='ltr'>sed</span> <span class='ocrx_word' id='word_1_183' title='bbox 409 2288 481 2332; x_wconf 82' lang='lat' dir='ltr'>vero</span> <span class='ocrx_word' id='word_1_184' title='bbox 504 2266 588 2334; x_wconf 89' lang='lat' dir='ltr'>illam</span> <span class='ocrx_word' id='word_1_185' title='bbox 609 2269 760 2339; x_wconf 73' lang='lat' dir='ltr'>mantibus</span> <span class='ocrx_word' id='word_1_186' title='bbox 783 2273 871 2337; x_wconf 89' lang='lat' dir='ltr'>etiem</span> <span class='ocrx_word' id='word_1_187' title='bbox 895 2271 1023 2335; x_wconf 76' lang='lat' dir='ltr'>decretio</span> <span class='ocrx_word' id='word_1_188' title='bbox 1045 2269 1220 2353; x_wconf 72' lang='lat' dir='ltr'>quandoque</span> <span class='ocrx_word' id='word_1_189' title='bbox 1248 2276 1279 2330; x_wconf 87' lang='lat' dir='ltr'>ot</span> <span class='ocrx_word' id='word_1_190' title='bbox 1304 2282 1378 2331; x_wconf 86' lang='lat' dir='ltr'>roco</span> <span class='ocrx_word' id='word_1_191' title='bbox 1401 2286 1488 2329; x_wconf 89' lang='lat' dir='ltr'>oom-</span> 
     </span>
     <span class='ocr_line' id='line_1_20' title="bbox 131 2373 1488 2458; baseline -0.004 -17"><span class='ocrx_word' id='word_1_192' title='bbox 131 2377 270 2441; x_wconf 80' lang='lat' dir='ltr'>nendare</span> <span class='ocrx_word' id='word_1_193' title='bbox 300 2392 356 2457; x_wconf 87' lang='lat' dir='ltr'>pro</span> <span class='ocrx_word' id='word_1_194' title='bbox 386 2373 490 2458; x_wconf 55' lang='lat' dir='ltr'>Quo</span> <span class='ocrx_word' id='word_1_195' title='bbox 515 2377 686 2458; x_wconf 75' lang='lat' dir='ltr'>particulari</span> <span class='ocrx_word' id='word_1_196' title='bbox 715 2376 785 2443; x_wconf 80' lang='lat' dir='ltr'>loeo</span> <span class='ocrx_word' id='word_1_197' title='bbox 808 2386 841 2444; x_wconf 83' lang='lat' dir='ltr'>et</span> <span class='ocrx_word' id='word_1_198' title='bbox 860 2377 998 2445; x_wconf 81' lang='lat' dir='ltr'>latulibue</span> <span class='ocrx_word' id='word_1_199' title='bbox 1016 2374 1165 2443; x_wconf 83' lang='lat' dir='ltr'>extollere</span> <span class='ocrx_word' id='word_1_200' title='bbox 1185 2384 1217 2438; x_wconf 91' lang='lat' dir='ltr'>et</span> <span class='ocrx_word' id='word_1_201' title='bbox 1237 2373 1406 2456; x_wconf 72' lang='lat' dir='ltr'>privilegiis</span> <span class='ocrx_word' id='word_1_202' title='bbox 1430 2390 1488 2436; x_wconf 84' lang='lat' dir='ltr'>ex-</span> 
     </span>
     <span class='ocr_line' id='line_1_21' title="bbox 132 2479 1488 2563; baseline -0.006 -12"><span class='ocrx_word' id='word_1_203' title='bbox 132 2502 253 2551; x_wconf 72' lang='lat' dir='ltr'>ornare:</span> <span class='ocrx_word' id='word_1_204' title='bbox 283 2479 404 2561; x_wconf 88' lang='lat' dir='ltr'>nullus,</span> <span class='ocrx_word' id='word_1_205' title='bbox 436 2483 544 2563; x_wconf 86' lang='lat' dir='ltr'>credo,</span> <span class='ocrx_word' id='word_1_206' title='bbox 573 2485 740 2561; x_wconf 75' lang='lat' dir='ltr'>dubitabit,</span> <span class='ocrx_word' id='word_1_207' title='bbox 771 2504 837 2549; x_wconf 87' lang='lat' dir='ltr'>eum</span> <span class='ocrx_word' id='word_1_208' title='bbox 866 2483 1037 2553; x_wconf 75' lang='lat' dir='ltr'>nullatenus</span> <span class='ocrx_word' id='word_1_209' title='bbox 1066 2498 1135 2549; x_wconf 85' lang='lat' dir='ltr'>sese</span> <span class='ocrx_word' id='word_1_210' title='bbox 1163 2498 1286 2549; x_wconf 78' lang='lat' dir='ltr'>sensum</span> <span class='ocrx_word' id='word_1_211' title='bbox 1317 2488 1488 2547; x_wconf 78' lang='lat' dir='ltr'>cumeorum</span> 
     </span>
     <span class='ocr_line' id='line_1_22' title="bbox 131 2586 1490 2674; baseline -0.004 -20"><span class='ocrx_word' id='word_1_212' title='bbox 131 2591 329 2667; x_wconf 78' lang='lat' dir='ltr'>demetorum,</span> <span class='ocrx_word' id='word_1_213' title='bbox 357 2597 391 2654; x_wconf 90' lang='lat' dir='ltr'>ut</span> <span class='ocrx_word' id='word_1_214' title='bbox 413 2610 517 2655; x_wconf 87' lang='lat' dir='ltr'>omnes</span> <span class='ocrx_word' id='word_1_215' title='bbox 532 2593 653 2657; x_wconf 88' lang='lat' dir='ltr'>omnino</span> <span class='ocrx_word' id='word_1_216' title='bbox 675 2592 752 2674; x_wconf 86' lang='lat' dir='ltr'>ipsis</span> <span class='ocrx_word' id='word_1_217' title='bbox 776 2593 919 2659; x_wconf 82' lang='lat' dir='ltr'>contrerii</span> <span class='ocrx_word' id='word_1_218' title='bbox 935 2592 1125 2673; x_wconf 87' lang='lat' dir='ltr'>oppositique</span> <span class='ocrx_word' id='word_1_219' title='bbox 1146 2606 1220 2655; x_wconf 81' lang='lat' dir='ltr'>usus</span> <span class='ocrx_word' id='word_1_220' title='bbox 1237 2588 1347 2670; x_wconf 72' lang='lat' dir='ltr'>rupee</span> <span class='ocrx_word' id='word_1_221' title='bbox 1360 2607 1378 2649; x_wconf 92' lang='lat' dir='ltr'>e</span> <span class='ocrx_word' id='word_1_222' title='bbox 1392 2586 1490 2650; x_wconf 91' lang='lat' dir='ltr'>medio</span> 
     </span>
     <span class='ocr_line' id='line_1_23' title="bbox 132 2695 751 2781; baseline 0 -20"><span class='ocrx_word' id='word_1_223' title='bbox 132 2718 178 2779; x_wconf 87' lang='lat' dir='ltr'>per</span> <span class='ocrx_word' id='word_1_224' title='bbox 196 2697 325 2763; x_wconf 87' lang='lat' dir='ltr'>decreta</span> <span class='ocrx_word' id='word_1_225' title='bbox 346 2695 456 2763; x_wconf 78' lang='lat' dir='ltr'>meleu</span> <span class='ocrx_word' id='word_1_226' title='bbox 480 2701 598 2767; x_wconf 88' lang='lat' dir='ltr'>censeri</span> <span class='ocrx_word' id='word_1_227' title='bbox 621 2700 751 2781; x_wconf 77' lang='lat' dir='ltr'>possint.</span> 
     </span>
    </p>
   </div>
   <div class='ocr_carea' id='block_1_2' title="bbox 135 2818 1492 3548">
    <p class='ocr_par' dir='ltr' id='par_1_2' title="bbox 135 2818 1492 3548">
     <span class='ocr_line' id='line_1_24' title="bbox 258 2818 1491 2904; baseline -0.006 -16"><span class='ocrx_word' id='word_1_228' title='bbox 258 2827 315 2888; x_wconf 70' lang='lat' dir='ltr'>iit</span> <span class='ocrx_word' id='word_1_229' title='bbox 338 2818 442 2904; x_wconf 73' lang='lat' dir='ltr'>Atqu·</span> <span class='ocrx_word' id='word_1_230' title='bbox 468 2840 527 2886; x_wconf 84' lang='lat' dir='ltr'>oon</span> <span class='ocrx_word' id='word_1_231' title='bbox 556 2824 669 2888; x_wconf 78' lang='lat' dir='ltr'>desunt</span> <span class='ocrx_word' id='word_1_232' title='bbox 697 2827 729 2888; x_wconf 74' lang='lat' dir='ltr'>S·</span> <span class='ocrx_word' id='word_1_233' title='bbox 754 2825 790 2888; x_wconf 76' lang='lat' dir='ltr'>tt.</span> <span class='ocrx_word' id='word_1_234' title='bbox 814 2824 851 2888; x_wconf 80' lang='lat' dir='ltr'>C.</span> <span class='ocrx_word' id='word_1_235' title='bbox 874 2822 1010 2886; x_wconf 80' lang='lat' dir='ltr'>decretio</span> <span class='ocrx_word' id='word_1_236' title='bbox 1033 2821 1186 2887; x_wconf 79' lang='lat' dir='ltr'>metrorii</span> <span class='ocrx_word' id='word_1_237' title='bbox 1207 2819 1392 2900; x_wconf 82' lang='lat' dir='ltr'>eduerec&#39;que</span> <span class='ocrx_word' id='word_1_238' title='bbox 1413 2837 1491 2880; x_wconf 80' lang='lat' dir='ltr'>urea</span> 
     </span>
     <span class='ocr_line' id='line_1_25' title="bbox 143 2922 1491 3014; baseline -0.006 -20"><span class='ocrx_word' id='word_1_239' title='bbox 143 2930 276 3014; x_wconf 67' lang='lat' dir='ltr'>&#39;vimque</span> <span class='ocrx_word' id='word_1_240' title='bbox 307 2928 444 2993; x_wconf 69' lang='lat' dir='ltr'>retertur</span> <span class='ocrx_word' id='word_1_241' title='bbox 474 2931 568 2993; x_wconf 75' lang='lat' dir='ltr'>etium</span> <span class='ocrx_word' id='word_1_242' title='bbox 594 2932 762 2994; x_wconf 64' lang='lat' dir='ltr'>mucorem</span> <span class='ocrx_word' id='word_1_243' title='bbox 781 2928 941 2994; x_wconf 60' lang='lat' dir='ltr'>*eodemqe</span> <span class='ocrx_word' id='word_1_244' title='bbox 967 2928 1178 3009; x_wconf 79' lang='lat' dir='ltr'>praescriptis</span> <span class='ocrx_word' id='word_1_245' title='bbox 1207 2922 1356 3008; x_wconf 76' lang='lat' dir='ltr'>oppositi,</span> <span class='ocrx_word' id='word_1_246' title='bbox 1396 2925 1445 3007; x_wconf 92' lang='lat' dir='ltr'>qui</span> <span class='ocrx_word' id='word_1_247' title='bbox 1474 2945 1491 2987; x_wconf 86' lang='lat' dir='ltr'>n</span> 
     </span>
     <span class='ocr_line' id='line_1_26' title="bbox 149 3030 1492 3119; baseline -0.006 -18"><span class='ocrx_word' id='word_1_248' title='bbox 149 3035 256 3103; x_wconf 78' lang='lat' dir='ltr'>branis</span> <span class='ocrx_word' id='word_1_249' title='bbox 281 3036 478 3101; x_wconf 78' lang='lat' dir='ltr'>Pontificibus</span> <span class='ocrx_word' id='word_1_250' title='bbox 497 3036 626 3116; x_wconf 81' lang='lat' dir='ltr'>peciute‘</span> <span class='ocrx_word' id='word_1_251' title='bbox 645 3056 762 3119; x_wconf 78' lang='lat' dir='ltr'>semper</span> <span class='ocrx_word' id='word_1_252' title='bbox 781 3040 875 3119; x_wconf 77' lang='lat' dir='ltr'>fuere</span> <span class='ocrx_word' id='word_1_253' title='bbox 897 3043 930 3101; x_wconf 87' lang='lat' dir='ltr'>et</span> <span class='ocrx_word' id='word_1_254' title='bbox 950 3035 1095 3100; x_wconf 74' lang='lat' dir='ltr'>medidus</span> <span class='ocrx_word' id='word_1_255' title='bbox 1117 3037 1212 3098; x_wconf 70' lang='lat' dir='ltr'>eumn</span> <span class='ocrx_word' id='word_1_256' title='bbox 1232 3030 1387 3098; x_wconf 80' lang='lat' dir='ltr'>celebrati.</span> <span class='ocrx_word' id='word_1_257' title='bbox 1426 3033 1492 3094; x_wconf 87' lang='lat' dir='ltr'>De-</span> 
     </span>
     <span class='ocr_line' id='line_1_27' title="bbox 147 3138 1490 3228; baseline -0.004 -20"><span class='ocrx_word' id='word_1_258' title='bbox 147 3156 265 3224; x_wconf 73' lang='lat' dir='ltr'>tegetur</span> <span class='ocrx_word' id='word_1_259' title='bbox 299 3165 375 3227; x_wconf 82' lang='lat' dir='ltr'>ergo</span> <span class='ocrx_word' id='word_1_260' title='bbox 403 3144 514 3228; x_wconf 82' lang='lat' dir='ltr'>ude&#39;qrre</span> <span class='ocrx_word' id='word_1_261' title='bbox 527 3182 531 3187; x_wconf 86' lang='lat'><strong>·</strong></span> <span class='ocrx_word' id='word_1_262' title='bbox 544 3166 599 3228; x_wconf 87' lang='lat' dir='ltr'>per</span> <span class='ocrx_word' id='word_1_263' title='bbox 628 3146 746 3209; x_wconf 85' lang='lat' dir='ltr'>decretu</span> <span class='ocrx_word' id='word_1_264' title='bbox 777 3166 838 3209; x_wconf 92' lang='lat' dir='ltr'>non</span> <span class='ocrx_word' id='word_1_265' title='bbox 868 3157 916 3209; x_wconf 84' lang='lat' dir='ltr'>eut</span> <span class='ocrx_word' id='word_1_266' title='bbox 944 3144 1081 3207; x_wconf 90' lang='lat' dir='ltr'>omnibus</span> <span class='ocrx_word' id='word_1_267' title='bbox 1112 3145 1235 3206; x_wconf 83' lang='lat' dir='ltr'>omnine</span> <span class='ocrx_word' id='word_1_268' title='bbox 1262 3138 1490 3223; x_wconf 76' lang='lat' dir='ltr'>particularibus</span> 
     </span>
     <span class='ocr_line' id='line_1_28' title="bbox 142 3247 1492 3334; baseline -0.007 -16"><span class='ocrx_word' id='word_1_269' title='bbox 142 3247 260 3333; x_wconf 75' lang='lat' dir='ltr'>legitime</span> <span class='ocrx_word' id='word_1_270' title='bbox 280 3253 459 3316; x_wconf 77' lang='lat' dir='ltr'>introductis</span> <span class='ocrx_word' id='word_1_271' title='bbox 475 3253 737 3317; x_wconf 79' lang='lat' dir='ltr'>comnotudioibus</span> <span class='ocrx_word' id='word_1_272' title='bbox 749 3272 843 3334; x_wconf 89' lang='lat' dir='ltr'>nequo</span> <span class='ocrx_word' id='word_1_273' title='bbox 858 3253 984 3334; x_wconf 92' lang='lat' dir='ltr'>proinde</span> <span class='ocrx_word' id='word_1_274' title='bbox 997 3270 1054 3334; x_wconf 84' lang='lat' dir='ltr'>pro</span> <span class='ocrx_word' id='word_1_275' title='bbox 1070 3247 1285 3314; x_wconf 84' lang='lat' dir='ltr'>universalibus</span> <span class='ocrx_word' id='word_1_276' title='bbox 1301 3249 1492 3311; x_wconf 80' lang='lat' dir='ltr'>uniuersam-</span> 
     </span>
     <span class='ocr_line' id='line_1_29' title="bbox 137 3351 1491 3442; baseline -0.009 -17"><span class='ocrx_word' id='word_1_277' title='bbox 137 3378 188 3438; x_wconf 77' lang='lat' dir='ltr'>qee</span> <span class='ocrx_word' id='word_1_278' title='bbox 214 3361 331 3425; x_wconf 76' lang='lat' dir='ltr'>Christi</span> <span class='ocrx_word' id='word_1_279' title='bbox 369 3358 526 3425; x_wconf 82' lang='lat' dir='ltr'>eecleeietu</span> <span class='ocrx_word' id='word_1_280' title='bbox 552 3358 716 3442; x_wconf 84' lang='lat' dir='ltr'>ligentibus</span> <span class='ocrx_word' id='word_1_281' title='bbox 752 3360 886 3424; x_wconf 87' lang='lat' dir='ltr'>habenda</span> <span class='ocrx_word' id='word_1_282' title='bbox 925 3370 995 3423; x_wconf 85' lang='lat' dir='ltr'>sunt</span> <span class='ocrx_word' id='word_1_283' title='bbox 1028 3362 1144 3423; x_wconf 84' lang='lat' dir='ltr'>cuncta</span> <span class='ocrx_word' id='word_1_284' title='bbox 1178 3358 1297 3419; x_wconf 82' lang='lat' dir='ltr'>omuino</span> <span class='ocrx_word' id='word_1_285' title='bbox 1325 3356 1358 3417; x_wconf 81' lang='lat' dir='ltr'>S.</span> <span class='ocrx_word' id='word_1_286' title='bbox 1388 3353 1424 3416; x_wconf 83' lang='lat' dir='ltr'>ll.</span> <span class='ocrx_word' id='word_1_287' title='bbox 1457 3351 1491 3416; x_wconf 85' lang='lat' dir='ltr'>C.</span> 
     </span>
     <span class='ocr_line' id='line_1_30' title="bbox 135 3465 293 3548; baseline -0.006 -18"><span class='ocrx_word' id='word_1_288' title='bbox 135 3465 293 3548; x_wconf 67' lang='lat' dir='ltr'>memma.</span> 
     </span>
    </p>
   </div>
   <div class='ocr_carea' id='block_1_3' title="bbox 128 3582 1493 3994">
    <p class='ocr_par' dir='ltr' id='par_1_3' title="bbox 128 3582 1493 3994">
     <span class='ocr_line' id='line_1_31' title="bbox 264 3582 1492 3678; baseline -0.01 -20"><span class='ocrx_word' id='word_1_289' title='bbox 264 3597 320 3658; x_wconf 79' lang='grc'>21.</span> <span class='ocrx_word' id='word_1_290' title='bbox 372 3591 467 3655; x_wconf 86' lang='lat' dir='ltr'>Porro</span> <span class='ocrx_word' id='word_1_291' title='bbox 502 3592 541 3654; x_wconf 87' lang='lat' dir='ltr'>nd</span> <span class='ocrx_word' id='word_1_292' title='bbox 576 3610 646 3654; x_wconf 90' lang='lat' dir='ltr'>usus</span> <span class='ocrx_word' id='word_1_293' title='bbox 684 3591 831 3678; x_wconf 89' lang='lat' dir='ltr'>ejusmodi</span> <span class='ocrx_word' id='word_1_294' title='bbox 868 3592 1011 3655; x_wconf 82' lang='lat' dir='ltr'>Romanis</span> <span class='ocrx_word' id='word_1_295' title='bbox 1046 3589 1176 3652; x_wconf 87' lang='lat' dir='ltr'>decretis</span> <span class='ocrx_word' id='word_1_296' title='bbox 1215 3582 1492 3666; x_wconf 81' lang='lat' dir='ltr'>universalibusque</span> 
     </span>
     <span class='ocr_line' id='line_1_32' title="bbox 131 3692 1493 3780; baseline -0.008 -16"><span class='ocrx_word' id='word_1_297' title='bbox 131 3701 260 3764; x_wconf 85' lang='lat' dir='ltr'>rubricis</span> <span class='ocrx_word' id='word_1_298' title='bbox 293 3696 364 3762; x_wconf 89' lang='lat' dir='ltr'>licet</span> <span class='ocrx_word' id='word_1_299' title='bbox 387 3701 544 3780; x_wconf 91' lang='lat' dir='ltr'>oppositos</span> <span class='ocrx_word' id='word_1_300' title='bbox 575 3711 604 3763; x_wconf 88' lang='lat' dir='ltr'>et</span> <span class='ocrx_word' id='word_1_301' title='bbox 627 3698 794 3763; x_wconf 82' lang='lat' dir='ltr'>contrarios</span> <span class='ocrx_word' id='word_1_302' title='bbox 818 3695 962 3762; x_wconf 80' lang='lat' dir='ltr'>toleratos</span> <span class='ocrx_word' id='word_1_303' title='bbox 985 3707 1083 3761; x_wconf 88' lang='lat' dir='ltr'>temen</span> <span class='ocrx_word' id='word_1_304' title='bbox 1108 3705 1137 3759; x_wconf 91' lang='lat' dir='ltr'>et</span> <span class='ocrx_word' id='word_1_305' title='bbox 1159 3695 1300 3777; x_wconf 78' lang='lat' dir='ltr'>probatos</span> <span class='ocrx_word' id='word_1_306' title='bbox 1323 3713 1341 3755; x_wconf 85' lang='lat' dir='ltr'>e</span> <span class='ocrx_word' id='word_1_307' title='bbox 1364 3692 1493 3756; x_wconf 89' lang='lat' dir='ltr'>Summis</span> 
     </span>
     <span class='ocr_line' id='line_1_33' title="bbox 130 3800 1492 3888; baseline -0.005 -20"><span class='ocrx_word' id='word_1_308' title='bbox 130 3807 341 3875; x_wconf 79' lang='lat' dir='ltr'>Pontificibus.</span> <span class='ocrx_word' id='word_1_309' title='bbox 371 3805 408 3870; x_wconf 91' lang='lat' dir='ltr'>de</span> <span class='ocrx_word' id='word_1_310' title='bbox 439 3808 544 3888; x_wconf 88' lang='lat' dir='ltr'>quibus</span> <span class='ocrx_word' id='word_1_311' title='bbox 571 3808 601 3869; x_wconf 89' lang='lat' dir='ltr'>in</span> <span class='ocrx_word' id='word_1_312' title='bbox 629 3809 744 3869; x_wconf 87' lang='lat' dir='ltr'>minore</span> <span class='ocrx_word' id='word_1_313' title='bbox 776 3815 822 3868; x_wconf 89' lang='lat' dir='ltr'>est</span> <span class='ocrx_word' id='word_1_314' title='bbox 846 3826 962 3867; x_wconf 82' lang='lat' dir='ltr'>sermo.</span> <span class='ocrx_word' id='word_1_315' title='bbox 993 3814 1111 3886; x_wconf 87' lang='lat' dir='ltr'>prueter</span> <span class='ocrx_word' id='word_1_316' title='bbox 1132 3800 1210 3865; x_wconf 86' lang='lat' dir='ltr'>elios</span> <span class='ocrx_word' id='word_1_317' title='bbox 1234 3800 1367 3865; x_wconf 76' lang='lat' dir='ltr'>revocari</span> <span class='ocrx_word' id='word_1_318' title='bbox 1390 3809 1419 3862; x_wconf 90' lang='lat' dir='ltr'>ct</span> <span class='ocrx_word' id='word_1_319' title='bbox 1441 3800 1492 3862; x_wconf 88' lang='lat' dir='ltr'>isti</span> 
     </span>
     <span class='ocr_line' id='line_1_34' title="bbox 128 3913 731 3994; baseline -0.008 -14"><span class='ocrx_word' id='word_1_320' title='bbox 128 3935 188 3980; x_wconf 83' lang='lat' dir='ltr'>aon</span> <span class='ocrx_word' id='word_1_321' title='bbox 215 3915 370 3979; x_wconf 82' lang='lat' dir='ltr'>immerito</span> <span class='ocrx_word' id='word_1_322' title='bbox 392 3922 521 3994; x_wconf 84' lang='lat' dir='ltr'>possunt</span> <span class='ocrx_word' id='word_1_323' title='bbox 549 3932 583 3975; x_wconf 89' lang='lat' dir='ltr'>ac</span> <span class='ocrx_word' id='word_1_324' title='bbox 606 3913 731 3977; x_wconf 86' lang='lat' dir='ltr'>debent:</span> 
     </span>
    </p>
   </div>
   <div class='ocr_carea' id='block_1_4' title="bbox 152 4048 1494 4567">
    <p class='ocr_par' dir='ltr' id='par_1_4' title="bbox 152 4048 1494 4567">
     <span class='ocr_line' id='line_1_35' title="bbox 152 4048 1494 4143; baseline -0.012 -18"><span class='ocrx_word' id='word_1_325' title='bbox 152 4059 191 4143; x_wconf 89' lang='lat' dir='ltr'>l)</span> <span class='ocrx_word' id='word_1_326' title='bbox 216 4060 253 4122; x_wconf 90' lang='lat' dir='ltr'>ln</span> <span class='ocrx_word' id='word_1_327' title='bbox 284 4064 472 4120; x_wconf 78' lang='lat' dir='ltr'>sacrosancta</span> <span class='ocrx_word' id='word_1_328' title='bbox 507 4054 702 4119; x_wconf 83' lang='lat' dir='ltr'>Petriarcbeli</span> <span class='ocrx_word' id='word_1_329' title='bbox 726 4056 920 4120; x_wconf 82' lang='lat' dir='ltr'>Laterenensi</span> <span class='ocrx_word' id='word_1_330' title='bbox 944 4051 1072 4116; x_wconf 87' lang='lat' dir='ltr'>Besilica</span> <span class='ocrx_word' id='word_1_331' title='bbox 1103 4048 1197 4114; x_wconf 84' lang='lat' dir='ltr'>ulmae</span> <span class='ocrx_word' id='word_1_332' title='bbox 1221 4050 1308 4115; x_wconf 86' lang='lat' dir='ltr'>Urbis</span> <span class='ocrx_word' id='word_1_333' title='bbox 1342 4068 1411 4113; x_wconf 89' lang='lat' dir='ltr'>usus</span> <span class='ocrx_word' id='word_1_334' title='bbox 1444 4048 1494 4109; x_wconf 91' lang='lat' dir='ltr'>in-</span> 
     </span>
     <span class='ocr_line' id='line_1_36' title="bbox 222 4158 1491 4249; baseline -0.009 -22"><span class='ocrx_word' id='word_1_335' title='bbox 222 4163 333 4241; x_wconf 73' lang='lat' dir='ltr'>valuit,</span> <span class='ocrx_word' id='word_1_336' title='bbox 363 4174 395 4231; x_wconf 87' lang='lat' dir='ltr'>ut</span> <span class='ocrx_word' id='word_1_337' title='bbox 419 4163 485 4249; x_wconf 83' lang='lat' dir='ltr'>jam</span> <span class='ocrx_word' id='word_1_338' title='bbox 508 4183 599 4245; x_wconf 84' lang='lat' dir='ltr'>supro</span> <span class='ocrx_word' id='word_1_339' title='bbox 620 4162 770 4226; x_wconf 88' lang='lat' dir='ltr'>innuimus</span> <span class='ocrx_word' id='word_1_340' title='bbox 793 4160 843 4248; x_wconf 80' lang='lat'>²),</span> <span class='ocrx_word' id='word_1_341' title='bbox 871 4172 903 4226; x_wconf 93' lang='lat' dir='ltr'>ut</span> <span class='ocrx_word' id='word_1_342' title='bbox 924 4162 957 4225; x_wconf 92' lang='lat' dir='ltr'>in</span> <span class='ocrx_word' id='word_1_343' title='bbox 979 4160 1070 4225; x_wconf 87' lang='lat' dir='ltr'>missa</span> <span class='ocrx_word' id='word_1_344' title='bbox 1092 4166 1152 4223; x_wconf 84' lang='lat' dir='ltr'>tem</span> <span class='ocrx_word' id='word_1_345' title='bbox 1175 4158 1301 4240; x_wconf 74' lang='lat' dir='ltr'>private,</span> <span class='ocrx_word' id='word_1_346' title='bbox 1326 4173 1411 4239; x_wconf 92' lang='lat' dir='ltr'>quam</span> <span class='ocrx_word' id='word_1_347' title='bbox 1434 4172 1491 4216; x_wconf 92' lang='lat' dir='ltr'>so-</span> 
     </span>
     <span class='ocr_line' id='line_1_37' title="bbox 222 4260 1490 4355; baseline -0.013 -18"><span class='ocrx_word' id='word_1_348' title='bbox 222 4272 315 4337; x_wconf 83' lang='lat' dir='ltr'>lemni</span> <span class='ocrx_word' id='word_1_349' title='bbox 336 4273 391 4336; x_wconf 79' lang='lat' dir='ltr'>ed:</span> <span class='ocrx_word' id='word_1_350' title='bbox 425 4271 554 4355; x_wconf 64' lang='lat' dir='ltr'>,Aenus</span> <span class='ocrx_word' id='word_1_351' title='bbox 573 4268 659 4332; x_wconf 81' lang='lat' dir='ltr'>Dee‘“</span> <span class='ocrx_word' id='word_1_352' title='bbox 680 4270 768 4333; x_wconf 88' lang='lat' dir='ltr'>etiam</span> <span class='ocrx_word' id='word_1_353' title='bbox 790 4271 878 4334; x_wconf 88' lang='lat' dir='ltr'>tertie</span> <span class='ocrx_word' id='word_1_354' title='bbox 908 4273 972 4332; x_wconf 85' lang='lat' dir='ltr'>vioe</span> <span class='ocrx_word' id='word_1_355' title='bbox 999 4276 1160 4349; x_wconf 89' lang='lat' dir='ltr'>reponetur</span> <span class='ocrx_word' id='word_1_356' title='bbox 1182 4265 1347 4340; x_wconf 73' lang='lat' dir='ltr'>‚mirerere</span> <span class='ocrx_word' id='word_1_357' title='bbox 1369 4260 1490 4336; x_wconf 82' lang='lat' dir='ltr'>oolie,“</span> 
     </span>
     <span class='ocr_line' id='line_1_38' title="bbox 223 4368 1489 4460; baseline -0.009 -18"><span class='ocrx_word' id='word_1_358' title='bbox 223 4381 346 4444; x_wconf 89' lang='lat' dir='ltr'>minime</span> <span class='ocrx_word' id='word_1_359' title='bbox 367 4398 439 4441; x_wconf 81' lang='lat' dir='ltr'>vero</span> <span class='ocrx_word' id='word_1_360' title='bbox 462 4379 505 4442; x_wconf 91' lang='lat' dir='ltr'>uti</span> <span class='ocrx_word' id='word_1_361' title='bbox 526 4380 642 4441; x_wconf 84' lang='lat' dir='ltr'>rubrica</span> <span class='ocrx_word' id='word_1_362' title='bbox 659 4379 850 4460; x_wconf 86' lang='lat' dir='ltr'>praescribit:</span> <span class='ocrx_word' id='word_1_363' title='bbox 872 4378 973 4454; x_wconf 60' lang='lat' dir='ltr'>‚dono</span> <span class='ocrx_word' id='word_1_364' title='bbox 996 4374 1082 4439; x_wconf 81' lang='lat' dir='ltr'>uobis</span> <span class='ocrx_word' id='word_1_365' title='bbox 1102 4376 1240 4453; x_wconf 83' lang='lat' dir='ltr'>pooem.“</span> <span class='ocrx_word' id='word_1_366' title='bbox 1285 4370 1324 4431; x_wconf 78' lang='lat' dir='ltr'>Et</span> <span class='ocrx_word' id='word_1_367' title='bbox 1338 4368 1407 4430; x_wconf 88' lang='lat' dir='ltr'>huic</span> <span class='ocrx_word' id='word_1_368' title='bbox 1424 4373 1489 4433; x_wconf 89' lang='lat' dir='ltr'>usui</span> 
     </span>
     <span class='ocr_line' id='line_1_39' title="bbox 223 4476 1494 4567; baseline -0.008 -18"><span class='ocrx_word' id='word_1_369' title='bbox 223 4504 257 4549; x_wconf 84' lang='lat' dir='ltr'>se</span> <span class='ocrx_word' id='word_1_370' title='bbox 279 4487 467 4551; x_wconf 76' lang='lat' dir='ltr'>conformant</span> <span class='ocrx_word' id='word_1_371' title='bbox 489 4502 548 4548; x_wconf 91' lang='lat' dir='ltr'>non</span> <span class='ocrx_word' id='word_1_372' title='bbox 571 4484 660 4550; x_wconf 88' lang='lat' dir='ltr'>modo</span> <span class='ocrx_word' id='word_1_373' title='bbox 683 4492 826 4567; x_wconf 88' lang='lat' dir='ltr'>quotquot</span> <span class='ocrx_word' id='word_1_374' title='bbox 847 4480 1024 4548; x_wconf 85' lang='lat' dir='ltr'>sucrificium</span> <span class='ocrx_word' id='word_1_375' title='bbox 1047 4482 1156 4545; x_wconf 88' lang='lat' dir='ltr'>ibidem</span> <span class='ocrx_word' id='word_1_376' title='bbox 1173 4476 1302 4562; x_wconf 86' lang='lat' dir='ltr'>quotidie</span> <span class='ocrx_word' id='word_1_377' title='bbox 1321 4477 1494 4545; x_wconf 84' lang='lat' dir='ltr'>secerdotes</span> 
     </span>
    </p>
   </div>
   <div class='ocr_carea' id='block_1_5' title="bbox 190 4753 1495 4838">
    <p class='ocr_par' dir='ltr' id='par_1_5' title="bbox 190 4753 1495 4838">
     <span class='ocr_line' id='line_1_40' title="bbox 190 4753 1495 4838; baseline -0.008 -14"><span class='ocrx_word' id='word_1_378' title='bbox 190 4773 217 4838; x_wconf 80' lang='grc' dir='ltr'>ι)</span> <span class='ocrx_word' id='word_1_379' title='bbox 245 4771 274 4822; x_wconf 89' lang='lat' dir='ltr'>ln</span> <span class='ocrx_word' id='word_1_380' title='bbox 290 4777 459 4837; x_wconf 78' lang='lat' dir='ltr'>conspectum</span> <span class='ocrx_word' id='word_1_381' title='bbox 485 4775 593 4837; x_wconf 83' lang='lat' dir='ltr'>prodire</span> <span class='ocrx_word' id='word_1_382' title='bbox 617 4753 804 4836; x_wconf 63' lang='lat' dir='ltr'>computos</span> <span class='ocrx_word' id='word_1_383' title='bbox 829 4772 924 4833; x_wconf 77' lang='lat' dir='ltr'>placuit</span> <span class='ocrx_word' id='word_1_384' title='bbox 947 4769 1126 4830; x_wconf 65' lang='lat' dir='ltr'>adversarum</span> <span class='ocrx_word' id='word_1_385' title='bbox 1155 4765 1248 4821; x_wconf 81' lang='lat' dir='ltr'>eodem</span> <span class='ocrx_word' id='word_1_386' title='bbox 1266 4766 1345 4819; x_wconf 83' lang='lat' dir='ltr'>medo</span> <span class='ocrx_word' id='word_1_387' title='bbox 1364 4776 1411 4819; x_wconf 82' lang='lat' dir='ltr'>nee</span> <span class='ocrx_word' id='word_1_388' title='bbox 1430 4766 1495 4828; x_wconf 83' lang='lat' dir='ltr'>lpus</span> 
     </span>
    </p>
   </div>
   <div class='ocr_carea' id='block_1_6' title="bbox 189 4865 649 5015">
    <p class='ocr_par' dir='ltr' id='par_1_6' title="bbox 189 4865 649 5015">
     <span class='ocr_line' id='line_1_41' title="bbox 247 4865 649 4929; baseline 0.01 -19"><span class='ocrx_word' id='word_1_389' title='bbox 247 4873 387 4916; x_wconf 80' lang='lat' dir='ltr'>recurrere</span> <span class='ocrx_word' id='word_1_390' title='bbox 404 4877 454 4929; x_wconf 86' lang='lat' dir='ltr'>par</span> <span class='ocrx_word' id='word_1_391' title='bbox 473 4865 579 4916; x_wconf 86' lang='lat' dir='ltr'>omnino</span> <span class='ocrx_word' id='word_1_392' title='bbox 599 4868 649 4916; x_wconf 82' lang='lat' dir='ltr'>eet.</span> 
     </span>
     <span class='ocr_line' id='line_1_42' title="bbox 189 4948 406 5015; baseline -0.041 0"><span class='ocrx_word' id='word_1_393' title='bbox 189 4948 221 5015; x_wconf 82' lang='lat'>¹)</span> <span class='ocrx_word' id='word_1_394' title='bbox 245 4948 299 5003; x_wconf 84' lang='lat' dir='ltr'>ctr.</span> <span class='ocrx_word' id='word_1_395' title='bbox 316 4966 343 5008; x_wconf 91' lang='lat' dir='ltr'>n.</span> <span class='ocrx_word' id='word_1_396' title='bbox 363 4952 406 5006; x_wconf 79' lang='lat' dir='ltr'>lo.</span> 
     </span>
    </p>
   </div>
   <div class='ocr_carea' id='block_1_7' title="bbox 0 0 1695 5216">
    <p class='ocr_par' dir='ltr' id='par_1_7' title="bbox 0 0 1695 5216">
     <span class='ocr_line' id='line_1_43' title="bbox 0 0 1695 5216; baseline 0 0"><span class='ocrx_word' id='word_1_397' title='bbox 0 0 1695 5216; x_wconf 95' lang='lat' dir='ltr'> </span> 
     </span>
    </p>
   </div>
  </div>
 </body>
</html>
