3400 5224
210 162 304 263 aas

208 371 343 425 manente
366 364 538 427 arictoritate
566 362 811 427 consuetudinum
834 364 1050 442 Romanarum,
1082 385 1155 447 quse
1185 364 1262 429 sicut
1290 364 1568 428 conscribendarum

207 467 404 553 Rubricsrum
425 479 514 547 antea
533 478 622 550 typus
645 468 763 535 lucrant
786 488 820 533 ac
843 489 965 549 norma,
995 471 1037 533 ita
1066 472 1245 554 scripturum
1274 480 1380 553 postca
1409 468 1569 554 applicatio

207 573 360 640 habendae
383 586 468 641 erant
491 577 754 659 interpretatioqua
777 577 954 640 authentica.

341 720 399 783 Sed
421 736 488 783 cum
510 719 616 783 reicrri
639 722 668 782 in
692 718 822 783 codicem
846 739 905 783 non
922 738 1025 782 omnes
1042 729 1071 784 et
1085 721 1197 802 singuli
1211 721 1300 784 Urbis
1317 740 1388 784 ustis
1403 730 1569 801 potuerunt

205 844 391 911 consequens
414 826 587 890 cetimum
614 824 714 910 legum
744 830 1027 910 interpretationem
1053 828 1230 906 practicam
1257 830 1289 891 in
1312 825 1485 911 particulari
1508 827 1566 889 ad-

205 932 334 1014 hucdum
356 948 426 997 esse
447 952 487 997 ex
510 932 653 998 Romanis
675 935 895 1016 requirendum.
942 934 1030 997 Licet
1053 936 1132 996 enim
1154 953 1179 999 s.
1201 935 1273 997 Pius
1297 935 1333 998 v.
1348 933 1382 1019 ¹)
1410 933 1568 1011 ,mondo-

205 1042 287 1104 cert’t
315 1060 354 1106 ac
383 1042 493 1105 stn'cte
520 1039 657 1103 omnibus
688 1043 721 1104 r'u
748 1042 863 1105 uirtute
900 1044 1032 1105 sauctae
1069 1041 1263 1105 oomtmtrae
1293 1043 1504 1123 praeceperit,
1534 1045 1571 1103 ut

204 1149 331 1213 mirram
347 1147 444 1227 justo
459 1146 582 1231 Rerum,
604 1147 721 1212 modum
735 1166 774 1213 uc
788 1167 939 1223 ammam,
962 1165 1041 1231 quere
1051 1166 1108 1228 per
1124 1146 1256 1211 Mr'reale
1272 1148 1427 1224 traditur,
1449 1148 1571 1214 decau-

206 1258 308 1319 tareut
325 1275 364 1318 oc
378 1251 527 1338 legerent,
549 1274 646 1337 aeque
660 1256 694 1317 r're
709 1258 823 1320 mitrae
841 1251 1047 1319 celebratione
1063 1249 1147 1317 oiim
1160 1257 1372 1320 caeremonias
1385 1253 1435 1319 vel
1443 1274 1567 1336 precer,

205 1379 295 1445 quam
318 1381 399 1444 puae
434 1359 559 1426 missali
582 1363 801 1437 contineatur„
828 1361 943 1427 addere
970 1359 1021 1424 cet
1045 1363 1183 1425 recitare
1208 1367 1471 1442 praesumamur
1502 1365 1569 1444 ipse

204 1478 302 1533 tamen
332 1470 363 1531 S.
393 1470 464 1533 Pius
497 1470 531 1532 V.
563 1468 687 1555 ejusque
714 1469 746 1532 in
766 1454 951 1533 'Pontffieata
985 1484 1174 1532 successores
1204 1488 1263 1531 non
1292 1467 1380 1532 aliter
1409 1468 1568 1533 voluerunt

203 1574 379 1663 applicatus¹
398 1575 582 1639 rubricarum
614 1573 717 1659 leges,
747 1595 782 1638 ac
809 1573 877 1639 illas
910 1580 941 1637 in
970 1577 1090 1657 praxim
1117 1592 1236 1656 semper
1265 1575 1429 1641 deduxerat
1460 1584 1562 1639 sanctu

203 1680 337 1747 Romano
361 1679 500 1755 ecclesia,
524 1684 655 1745 omnium
678 1680 872 1746 ecclesiarum
887 1690 988 1745 nasim
1009 1672 1043 1743 ac
1066 1682 1222 1764 magistra.

337 1802 416 1885 Quid
432 1803 509 1890 quod
531 1808 579 1869 vel
601 1802 665 1870 illis
687 1804 948 1869 consuetudinibus
964 1805 1126 1886 Romanis,
1150 1827 1223 1890 quac
1245 1808 1401 1873 manifeste
1424 1826 1571 1889 pugnare,

203 1932 269 1977 cum
292 1914 391 1977 littera
419 1913 572 1988 videntur,
609 1920 724 1975 tuntum
752 1914 852 1976 inesse
881 1912 998 1993 pondus
1027 1914 1212 1981 auctoritatis
1243 1914 1425 1987 crediderint
1448 1914 1568 1981 Bitilrus

202 2020 321 2084 tuendis
357 2021 517 2101 praepositi
548 2020 654 2083 Patres
680 2020 934 2093 Eminentissimi‚
971 2029 1003 2085 ut
1032 2042 1087 2103 per
1115 2019 1186 2095 illas
1215 2022 1460 2104 praestantiorem
1491 2020 1570 2103 legis

202 2124 323 2191 sendum
346 2125 431 2190 reddi
454 2128 723 2210 accuratioremque
754 2127 860 2190 reterri
889 2128 1072 2190 rubricarum
1100 2128 1373 2210 interpretationem
1404 2128 1571 2192 indubitate

201 2235 416 2316 significarent,
441 2253 505 2297 cum
521 2232 669 2296 Bomsnm
685 2235 752 2297 iuic
769 2237 857 2316 praxi
879 2234 977 2297 innixi
1000 2235 1087 2297 cdere
1101 2244 1228 2315 praeter
1248 2235 1308 2300 alia
1330 2245 1361 2299 et
1382 2233 1438 2299 lroc
1459 2235 1569 2297 decre-

202 2351 264 2405 tum
278 2349 459 2405 statuerunt:
482 2338 644 2416 „Iiuire‘co
666 2337 806 2406 russato
829 2342 870 2403 tit
894 2344 929 2404 8.
948 2347 1113 2424 postquam
1134 2341 1235 2418 dr'rr't,
1258 2342 1337 2427 quod
1359 2341 1570 2407 arcidiaconus

201 2452 275 2513 cute
295 2447 425 2511 medium
455 2445 578 2513 Altcrie
613 2451 771 2513 sustinere
802 2448 913 2512 debeat
941 2436 1101 2529 poterium,
1135 2470 1165 2514 a.
1190 2454 1223 2515 2.
1242 2448 1445 2531 praescribit,
1467 2454 1503 2512 ut
1526 2450 1570 2514 au

82 2638 86 2645 ι
201 2551 367 2620 Sanctus
388 2555 535 2619 accedere
554 2554 665 2619 deieci
680 2555 723 2621 ad
738 2553 923 2621 alterarum
938 2555 1067 2621 diacono
1082 2555 1301 2620 addicendum
1320 2553 1491 2622 ducetur
1509 2560 1569 2627 etc.

200 2661 252 2727 Aa
275 2659 453 2727 tolerandus
482 2681 558 2729 urus
586 2681 691 2728 earum
713 2661 936 2739 Ecclesiastico,
955 2666 998 2726 ia
1020 2662 1132 2746 quibus
1156 2660 1369 2729 Suidiocouur
1391 2681 1450 2727 nort
1473 2681 1571 2726 occc-

200 2769 274 2833 dr'ii
311 2768 401 2852 Resp.
430 2765 628 2833 Servetur
657 2768 917 2853 cujuscunque
943 2765 1023 2835 loct
1043 2770 1293 2834 consuetudo.
1343 2776 1394 2837 12.
1418 2770 1567 2833 Novemb.

202 2881 285 2946 iudi
310 2877 345 2939 ia
366 2895 430 2943 uau
444 2878 575 2941 iturror.
608 2877 727 2943 &lebat
748 2877 826 2942 enim
848 2876 1049 2941 vancmndum
1063 2876 1120 2941 lroc
1133 2877 1368 2959 Purpuratorum
1384 2875 1564 2951 &acilium

200 2982 364 3049 sommum
386 2986 504 3064 praxim
527 2983 611 3057 licet,
635 2982 810 3067 omniaque
838 2975 1077 3070 improperes
1098 2981 1174 3067 legi,
1195 3003 1259 3049 aar
1277 2992 1379 3047 muron
1407 3003 1477 3048 csse
1498 2990 1557 3065 pro'

198 3087 291 3157 leiim
310 3092 469 3157 euentura
488 3087 809 3175 &similiterque
828 3090 1004 3167 indutam,
1033 3089 1089 3154 red
1109 3091 1159 3155 ito
1178 3095 1333 3173 receptam
1353 3097 1387 3157 at
1405 3090 1568 3171 approba-

201 3197 280 3273 tum,
302 3199 339 3281 ut
353 3194 403 3261 uel
414 3195 450 3261 ia
462 3194 597 3261 muare
611 3195 680 3259 riae
699 3201 828 3276 peccato
841 3194 974 3281 septici,
995 3198 1099 3261 onitu
1112 3195 1161 3261 oct
1172 3201 1291 3263 araturi
1302 3197 1387 3263 iaus
1399 3200 1504 3278 posset
1520 3194 1565 3279 ²).

199 3396 202 3401 ⁵
332 3321 359 3383 A
389 3315 577 3400 pmcsulibus
605 3318 756 3383 matutae
792 3340 864 3384 vero
891 3316 1034 3404 nusquam
1072 3322 1202 3402 gentium
1237 3316 1446 3405 diligentiores
1476 3339 1564 3384 ouras
1637 3320 1641 3325 ”

201 3424 287 3511 quum
310 3430 343 3489 in
364 3426 428 3508 ipsa
447 3424 532 3489 -Urbe
553 3422 584 3490 in
608 3425 638 3490 id
661 3427 810 3506 malerei,
834 3435 867 3490 ut
884 3427 1016 3510 pantini
1034 3430 1156 3492 ueteres
1170 3431 1254 3495 ritus
1267 3431 1390 3494 sama
1406 3426 1569 3511 quitatata

197 3528 342 3613 percurrit
364 3530 533 3617 dr'tiperttcr
554 3532 724 3616 canaque
744 3534 962 3599 custodiuntur
979 3530 1029 3619 ³),
1053 3555 1112 3599 non
1136 3533 1234 3599 solum
1257 3556 1296 3600 ox
1319 3556 1354 3600 eo
1375 3544 1560 3618 compertam

198 3639 359 3715 habemns,
380 3639 460 3723 qnod
481 3638 529 3715 ael
550 3638 691 3705 minimos
713 3640 831 3707 meaa
855 3646 1010 3725 tamquam
1031 3639 1229 3706 deteatuitler
1250 3639 1347 3725 tequea
1369 3639 1563 3725 corruptelae

200 3748 292 3813 editis
315 3747 580 3811 constitutionibus
602 3764 741 3811 omocere
763 3747 882 3812 cautim
903 3746 1053 3812 studeant
1070 3743 1104 3831 ⁴)
1126 3748 1301 3822 Pontifices,
1323 3748 1378 3812 scd
1401 3759 1431 3813 et
1452 3767 1491 3812 ex
1509 3746 1567 3812 illo

198 3854 286 3919 nobis
308 3854 443 3941 ejusdam
465 3855 509 3918 rei
531 3854 738 3919 documentum
761 3855 849 3920 datur
869 3854 1002 3937 insigne,
1026 3855 1103 3940 qnod
1126 3853 1157 3917 in
1173 3859 1307 3937 propriis
1320 3853 1565 3920 Eminentissimi

199 3956 601 4029 mussitantium
622 3960 728 4026 edictis
750 3982 789 4027 ne
808 3962 966 4042 marsupio
990 3961 1106 4045 quidem
1129 3970 1284 4043 parcatur,
1306 3959 1334 4025 si
1349 3962 1419 4046 quid
1433 3961 1564 4027 alienum

197 4071 319 4134 sverm
342 4066 481 4133 ecclesias
502 4069 610 4131 ritibus
633 4066 700 4132 dori
721 4084 967 4134 caeremonarum
997 4068 1144 4153 magistri
1169 4068 1312 4133 sinerent.
1348 4067 1442 4154 Cujus
1466 4068 1584 4132 disci-·

199 4174 301 4259 plintae
329 4176 460 4239 omnium
495 4171 561 4238 loco
584 4192 673 4237 unum
696 4182 804 4239 testem
826 4176 940 4240 vocabo
963 4176 1109 4257 Emmum,
1133 4174 1313 4255 Prosperum
1336 4174 1426 4239 ilerd.
1450 4175 1564 4240 Mure-

194 4282 318 4364 forcii,
343 4283 392 4366 qai
412 4278 547 4343 rubricas
559 4280 680 4345 omnino
695 4302 800 4346 omnes
816 4284 848 4346 in
864 4282 1075 4366 quadropiatc
1088 4282 1234 4345 toronum
1248 4281 1387 4345 motione
1399 4282 1563 4347 servandas

198 4389 311 4454 indixit
332 4386 570 4452 caeremoniariis
603 4388 659 4451 sub
686 4386 802 4453 mulcta
831 4388 933 4455 decem
962 4390 1156 4453 scutatorum
1186 4404 1367 4465 ceramum,
1394 4390 1423 4453 si
1446 4388 1562 4453 muneri

254 4669 281 4735 ¹)
304 4674 334 4723 ln
353 4674 427 4725 nun
434 4707 444 4747 2
464 4687 532 4741 quac
552 4677 627 4727 initio
643 4674 760 4725 missalis
775 4674 894 4729 maur.

252 4772 279 4839 ‘i
302 4778 431 4830 timedict
449 4778 513 4832 xiii.

225 4872 230 4883 '
254 4878 279 4943 Ι)
298 4884 393 4933 Stante
409 4883 437 4934 V.
456 4886 566 4937 commit.
584 4886 730 4935 immuta.

253 4982 279 5047 ⁴)
302 4985 436 5040 lienium.
455 4989 514 5042 xiii
534 4991 651 5044 concilio
669 4989 790 5044 Romano.
