3346 5216
362 294 571 364 invaliditalia·
584 294 777 383 probationes
796 296 887 365 omne
909 292 1030 364 dubitent
1047 292 1216 374 ardedat,
1238 306 1371 364 daumii
1393 299 1430 363 ad
1445 300 1570 363 tertiam

365 390 538 453 instantiam
554 390 672 456 deferre
689 398 814 452 tenetur.
860 389 1060 454 Invaliditatis
1082 391 1230 453 sententia
1244 408 1306 471 per
1319 393 1437 452 tertiam
1453 406 1571 471 quoqne

364 478 538 543 instantiam
567 477 643 551 lata,
676 479 804 543 ulterior
832 478 994 561 appellatio
1012 479 1140 541 'institui
1172 483 1281 561 nequit.
1326 481 1358 541 Si
1383 477 1571 540 validitatem

363 586 400 630 ea
422 573 609 648 pronuntiet,
633 570 729 631 sotori
751 566 878 631 liberum
901 578 961 640 est,
984 578 1102 649 petere,
1126 576 1159 630 ut
1182 576 1286 649 quarta
1302 568 1501 633 constituatur
1516 571 1570 628 in—

363 658 495 736 stantia,
519 666 551 719 et
571 655 659 740 bajus
682 659 831 721 sonantia
854 674 912 740 qua
933 656 1032 720 inalis
1054 654 1189 721 labenda
1210 666 1266 718 est.

433 1059 561 1145 Quando
589 1065 620 1128 in
648 1067 746 1146 prima
772 1075 802 1128 et
831 962 922 1130 tortile
950 965 1089 1130 illtzmtin
1113 1064 1255 1128 adversus
1278 1066 1507 1143 matrimonium,
1539 1071 1572 1129 in

367 1155 496 1218 munda
518 1162 614 1217 autem
637 1173 693 1234 pro
717 1175 753 1218 eo
776 1156 923 1218 sententia
944 1156 1074 1235 teratur,
1096 1153 1279 1236 matrimonii
1300 1155 1446 1218 incumbit
1460 1154 1572 1221 deien-

369 1249 443 1322 sori,
466 1252 599 1325 quarum
622 1252 723 1323 petere
746 1240 931 1309 instantiam.

437 1471 611 1554 Appellatio
634 1493 652 1535 a
668 1472 825 1537 defensore
845 1369 1029 1538 matlinlolll
1049 1474 1228 1554 inmrposita
1243 1492 1282 1535 ex
1298 1492 1353 1536 sua
1370 1480 1477 1535 natura
1490 1480 1572 1554 parti

370 1560 462 1626 simtd
486 1561 620 1643 prodest,
644 1582 716 1644 quae
739 1584 795 1644 pro
816 1566 997 1627 matrimonii
1017 1561 1172 1626 validitate
1193 1562 1265 1642 agit.
1300 1561 1572 1626 Liberomniltilo-

371 1653 472 1715 minus
502 1655 560 1732 ipsi
590 1660 652 1730 est,
681 1653 814 1715 eamdam
843 1650 1054 1734 apellationem
1082 1651 1316 1732 independenter
1345 1672 1363 1714 a
1391 1654 1573 1717 matrimonii

372 1741 531 1803 defensore
554 1742 762 1822 interponere
784 1740 950 1805 wuardtum
972 1748 1080 1815 tamen,
1104 1750 1136 1804 nt
1165 1759 1233 1805 eum
1256 1758 1292 1804 eo
1313 1742 1370 1805 boe
1392 1739 1432 1803 de
1451 1742 1573 1823 negodo

373 1827 500 1894 tonsilia
523 1830 669 1925 conferat.

904 2045 940 2125 i·
966 2042 1040 2110 raa.

440 2141 544 2210 llelste
573 2147 620 2238 ad·
639 2145 869 2229 appellationes,
908 2169 980 2232 quas
1012 2144 1201 2232 interponere
1230 2147 1372 2212 deiensor
1393 2148 1576 2213 matrimoni

375 2241 507 2300 muneris
530 2238 577 2299 aui
600 2239 716 2300 ratione
738 2237 898 2322 obligatur,
923 2237 995 2302 nulli
1018 2238 1164 2302 iubentur
1187 2238 1252 2301 dies
1274 2239 1393 2302 fatales.
1440 2239 1472 2301 Si
1495 2239 1577 2303 intra

375 2330 533 2389 terminum
557 2330 772 2408 praesedptum
802 2327 1033 2411 appellationem
1062 2327 1140 2391 baud
1169 2332 1340 2405 mnuntiet,
1364 2326 1528 2410 panau,
1557 2349 1576 2392 a

376 2435 434 2497 quo
456 2412 609 2496 appellare
632 2414 736 2493 debet,
763 2421 859 2498 ipsum
883 2417 921 2481 ad
944 2417 1075 2481 olieium
1096 2436 1184 2481 suum
1208 2416 1393 2498 implendum
1416 2414 1577 2496 compellat

376 2502 424 2568 rel
446 2524 502 2585 pro
526 2523 610 2567 oasus
631 2504 747 2569 ratione
770 2506 917 2570 etiamad
939 2506 1118 2588 Episoopum
1139 2526 1175 2567 ea
1196 2505 1233 2569 de
1256 2526 1289 2568 re
1311 2506 1422 2571 referat
1444 2512 1474 2568 et
1495 2523 1576 2588 pro-

377 2600 551 2747 polutum
579 2595 761 2661 matrimonii
791 2595 925 2664 defensio
946 2593 1001 2659 alii
1022 2594 1088 2659 viro
1111 2599 1193 2660 omni
1215 2612 1253 2659 ex
1275 2605 1360 2677 parte
1382 2593 1474 2659 babili
1498 2614 1576 2660 eon-

376 2700 427 2746 are
449 2702 466 2745 a
517 2725 526 2743 .
584 2722 589 2731 ·

220 3003 383 3064 annosoru-
449 2986 564 3064 ludex,
596 2991 647 3069 qui
676 2987 707 3050 ia
735 2991 882 3067 superiori
907 2988 1048 3050 instantia
1070 2989 1247 3050 sententiam
1270 2985 1342 3063 lert,
1371 3004 1431 3049 nou
1461 2995 1577 3050 tantum
1655 3030 1657 3067 ι

221 3077 334 3128 aenean
356 3076 416 3140 11ιΙιι
438 3075 632 3140 inferioribus
654 3077 806 3141 instamis
828 3074 1086 3159 gestadiligenter
1101 3077 1267 3153 examinet,
1291 3074 1345 3137 sed
1367 3080 1456 3139 mam
1478 3076 1577 3138 omnis

113 3245 124 3255 ἡ
232 3148 367 3269 affl?
384 3173 523 3249 peragat,
552 3185 625 3249 quae
655 3166 824 3229 necessaria
845 3166 943 3240 duait,
966 3175 998 3229 ut
1018 3166 1153 3230 deiectus
1175 3166 1389 3246 suppleantur,
1415 3164 1503 3228 dubis
1523 3163 1575 3226 di·
1654 3218 1657 3251 ,

358 3251 552 3321 'lucidentur
573 3262 605 3317 et
625 3274 743 3318 errores
764 3258 961 3336 corrigantur.
1005 3253 1095 3318 Hune
1123 3256 1153 3317 in
1184 3255 1272 3317 inem
1293 3252 1438 3338 eonjuges
1460 3252 1575 3317 erami-

228 3405 232 3411 .
383 3364 469 3416 aare,
501 3342 538 3407 de
560 3343 765 3407 instrumentis
786 3343 933 3428 probandi
961 3363 1032 3425 ergo
1059 3343 1200 3407 adhibitis
1222 3344 1466 3425 inuestigationes
1486 3343 1577 3406 inati-

260 3487 263 3493 ,
383 3441 466 3496 tuere
487 3451 521 3494 ae
544 3442 644 3506 testeo,
667 3455 685 3497 a
708 3432 812 3515 quibua
835 3452 928 3495 novas
951 3433 1175 3497 informationes
1197 3442 1313 3514 sperat,
1345 3431 1447 3495 audire
1469 3440 1580 3514 potest.

184 3538 195 3569 s
324 3595 330 3603 ,
384 3522 595 3604 Experimeuta
617 3532 712 3585 tamen
736 3544 791 3603 per
812 3528 856 3587 rei
879 3522 992 3603 peritos
1013 3521 1091 3587 iacta
1114 3531 1182 3585 tune
1206 3531 1318 3585 tantum
1341 3523 1445 3584 iterari
1460 3521 1581 3600 debent,

386 3612 504 3696 quaudo
527 3612 646 3697 indiciis
669 3614 918 3693 praesumtionem
948 3631 1068 3692 parem
1097 3612 1306 3695 generantibus
1331 3609 1485 3692 probabile
1505 3610 1582 3675 red-

386 3701 487 3781 datur,
511 3711 561 3764 aut
583 3721 715 3765 errorem
737 3714 789 3765 aut
811 3700 939 3784 partium
961 3700 1092 3766 studium
1114 3701 1332 3767 intercessisse.
1379 3732 1397 3762 e

916 3988 946 4068 i·
978 3987 1052 4052 rsa.

454 4097 531 4160 Tam
553 4103 656 4176 partes
678 4110 764 4177 quam
788 4092 933 4158 defensor
954 4094 1137 4158 nutrimonii
1155 4092 1208 4179 jue
1231 4092 1355 4169 babent,
1381 4092 1412 4155 in
1436 4091 1586 4174 superiori
1650 4138 1652 4147 .

387 4185 530 4250 instantia
551 4202 646 4250 novas
668 4184 858 4266 probationes
879 4182 1031 4246 aderendi.
1351 4194 1362 4201 ·“

875 4272 880 4283 ’
928 4292 958 4373 s.
985 4294 1059 4357 ιιι.

230 4413 381 4464 amoenae
457 4400 627 4463 Sententiae
650 4396 730 4463 nulla
753 4407 810 4478 est,
833 4400 860 4462 si
881 4394 1020 4483 ajudiee
1040 4397 1119 4461 baud
1143 4405 1327 4480 competente
1347 4394 1410 4460 lata
1430 4394 1477 4461 vel
1493 4406 1586 4463 aetus

253 4483 370 4533 nullm·
388 4490 498 4576 judieii
519 4485 686 4552 essentialis
707 4497 758 4551 aut
772 4507 899 4569 prorsus
915 4489 1055 4566 omasus,
1077 4498 1137 4567 aut,
1161 4492 1232 4569 quin
1246 4487 1429 4550 matrimonii
1442 4485 1587 4551 defensor
1648 4558 1654 4577 ἱ

390 4578 597 4655 adhiberetur,
627 4578 781 4639 institutus
812 4576 913 4641 luerit.
965 4579 1104 4643 Attamen
1134 4574 1220 4638 valor
1248 4575 1411 4637 sententiae
1439 4595 1456 4637 a
1482 4573 1587 4658 judlee
1655 4570 1657 4583 ⁴

387 4671 546 4753 'superiore
569 4664 645 4728 latae
668 4664 751 4739 ideo,
775 4666 852 4747 quod
875 4668 1097 4749 inquisitionem
1120 4663 1290 4728 ulteriorem
1312 4662 1420 4727 babere
1442 4682 1586 4728 nemau-

393 4756 471 4814 rium
493 4750 570 4816 baud
593 4755 728 4829 duxerit,
758 4754 812 4817 aed
842 4756 1002 4819 seeundum
1032 4752 1157 4838 allegata
1181 4764 1326 4819 caussam
1339 4752 1495 4824 deciderit.
1524 4757 1586 4825 ime

392 4842 523 4924 pugnari
536 4843 664 4906 ‘minime
684 4846 796 4923 potest.
