3346 5216
180 120 343 201 cxxtlu

869 294 899 372 i·
923 297 1001 361 tte.

182 425 343 476 adulterium
412 401 451 467 Ut
473 399 648 464 adulterium
670 402 701 463 in
726 400 811 462 tuen
825 400 1031 480 separationis
1057 419 1075 459 a
1099 414 1200 461 mensa
1229 407 1258 458 et
1280 398 1367 461 tinore
1388 396 1540 477 probetur.

198 496 325 557 pronaum
345 491 497 555 sufficiunt
513 489 747 571 praesumtiones
762 486 919 551 uiolentae.
964 487 1055 549 Facta
1071 508 1158 557 vero,
1181 488 1289 568 qaribus
1303 485 1541 567 pneumatium

210 566 309 617 Μ’·
343 581 397 643 luae
420 579 601 653 innituntur,
629 578 719 663 juata
750 594 869 638 normas
899 594 1073 656 processum
1097 575 1127 638 in
1150 576 1323 638 delictorum
1347 579 1464 638 carresis
1487 582 1540 636 at-

341 669 469 732 tinentes
492 667 644 748 probanda
667 669 798 730 veniunt.

870 861 899 940 ,e
928 863 1003 926 noo.

181 973 342 1024 cnmnmt·
410 966 612 1029 Protocoiium
649 965 796 1028 examinis
834 965 954 1028 testium
982 967 1116 1047 partibus
1156 963 1203 1027 uei
1232 963 1460 1045 praelegendum
1490 961 1541 1025 rel

205 1044 272 1094 “⁸¹⁰
292 1046 325 1093 “¹
343 1057 456 1138 scripto
480 1054 755 1118 communicandum
770 1064 836 1133 est‚·
858 1059 884 1116 si
901 1051 1066 1117 consultum
1089 1073 1105 1114 a
1130 1059 1173 1116 rei
1195 1057 1302 1134 peritis
1326 1052 1424 1115 datum
1440 1052 1542 1126 luerit,

182 1114 381 1250 ”magiae
403 1143 492 1230 liujus
516 1144 628 1224 pariter
651 1151 752 1205 tenore
776 1141 963 1207 instruendae
985 1153 1066 1206 sunt.

881 1340 913 1417 §.
943 1341 1019 1402 231.

180 1479 343 1529 mmm.
412 1447 469 1509 His
499 1445 630 1525 peractis
659 1445 744 1507 ambo
776 1443 918 1527 conjuges
949 1448 1130 1506 commoneri
1152 1442 1274 1511 debent.
1311 1452 1342 1505 ut
1364 1443 1400 1505 de
1424 1446 1543 1506 testium

209 1549 306 1611 jugum
345 1534 582 1616 depositionibus
605 1531 655 1595 vel
679 1538 721 1595 rei
744 1533 905 1613 peritorum
929 1530 1077 1594 consuitis
1100 1551 1207 1595 sensus
1231 1552 1301 1593 sitos
1325 1541 1484 1612 exponant.
1509 1533 1542 1595 Si

200 1631 315 1670 “imel-
345 1643 422 1687 nora
445 1628 656 1692 iustrumenta,
681 1618 729 1683 vei
753 1622 790 1682 de
814 1622 1029 1689 instrumentis,
1055 1640 1127 1703 quae
1151 1623 1181 1682 in
1210 1620 1400 1701 inquisitione
1423 1626 1544 1700 praevia

342 1712 441 1776 dubiis
464 1710 595 1775 obnoxia
617 1709 819 1785 remanebant,
845 1730 939 1773 noras
963 1710 1156 1793 probationes
1179 1711 1313 1787 efferant,
1337 1730 1408 1789 pare
1432 1707 1544 1772 aduer-

342 1805 425 1865 saria
446 1799 503 1864 bac
526 1800 563 1863 de
588 1819 621 1863 re
643 1797 790 1862 audienda
812 1808 867 1862 est.

881 1908 911 1986 §0
935 1908 1009 1971 232.

192 2010 238 2061 Rc!
260 2022 328 2058 ⁰⁰¹¹·
414 2012 575 2076 Confessio
605 2009 758 2097 conjugis,
790 2021 892 2076 eontra
920 2031 1006 2094 quem
1036 2012 1235 2099 separationis
1267 2011 1342 2077 catio
1372 2013 1546 2097 intentetur,

215 2082 307 2131 'm'
347 2098 465 2187 plenam
489 2096 580 2165 eidcit
603 2098 819 2184 probationem.

881 2244 910 2323 §-
935 2247 1009 2309 233.

201 2365 337 2427 Quatenur
418 2349 465 2412 An
484 2347 684 2432 juramentum
713 2346 930 2429 suppletorium
961 2368 998 2412 ex
1028 2360 1110 2432 parte
1133 2348 1290 2433 conjugum
1314 2348 1547 2417 concedendum.

191 2434 383 2503 conjuginm
402 2437 604 2522 juramentum
634 2434 696 2498 litis
727 2436 890 2500 decisiunm
918 2442 967 2500 uni
992 2459 1093 2502 eorum
1116 2438 1323 2520 imponendum
1348 2440 1396 2501 vel
1417 2440 1549 2519 permit-

195 2508 552 2626 111’Ἣηιειιιιιιπιεῆι,
582 2546 599 2587 a
628 2523 768 2588 tribunali
798 2527 922 2590 decerni
942 2526 1046 2593 debet:
1077 2549 1134 2610 qino
1157 2531 1186 2591 iu
1211 2528 1330 2609 negotio
1352 2537 1419 2589 ante
1442 2525 1548 2591 oculos

185 2587 311 2713 enam
348 2614 513 2679 labendum
537 2624 601 2691 est,
635 2616 665 2677 in
687 2634 796 2695 genere
815 2615 1026 2702 jusjtrrandum
1050 2618 1177 2697 partium
1200 2628 1270 2681 tune
1293 2627 1406 2681 tantum
1429 2616 1549 2680 admitti

348 2723 457 2788 posse,
488 2709 515 2767 si
546 2724 633 2767 omne
659 2704 740 2766 aliud
762 2707 916 2768 veritatem
940 2705 1060 2771 eruendi
1083 2706 1212 2768 medinm
1236 2706 1391 2775 abolerent,
1426 2718 1455 2767 et
1478 2707 1549 2767 ani-

346 2812 461 2858 morum
484 2794 758 2863 exacerbationem.
788 2795 885 2876 qualis
915 2796 946 2859 in
967 2794 1137 2882 ,conjugum
1167 2794 1268 2857 litibus
1296 2796 1429 2858 obturare
1460 2797 1548 2859 solet.

348 2881 471 2971 perjurii
495 2902 604 2966 augere
627 2883 800 2963 perlentium.

882 3078 912 3156 §-
937 3083 1013 3144 234.

207 3204 259 3254 neo
278 3215 329 3252 nen
419 3186 451 3249 Si
482 3183 592 3268 conjux
626 3189 655 3245 in
681 3181 733 3268 jus
756 3191 878 3247 uocatas
901 3183 1042 3247 citatione
1063 3182 1144 3249 iacta
1166 3205 1224 3248 non
1246 3195 1431 3268 compareat.
1459 3184 1546 3270 juxta

188 3284 490 3410 {gmffiffwrmam
513 3273 542 3355 ς.
570 3279 630 3340 145
655 3281 796 3339 statutam
822 3272 1041 3354 procedendum
1064 3284 1120 3338 est.

872 3606 908 3692 §⁴
941 3615 1018 3677 att.

415 3713 544 3797 Quando
567 3723 646 3781 aetio
668 3726 792 3799 propter
815 3716 1015 3780 desertionem
1031 3716 1211 3781 malitiosam
1226 3718 1408 3779 instituatur.
1432 3718 1552 3780 absenti

351 3814 382 3871 iu
409 3805 504 3889 prima
534 3808 634 3870 atatim
665 3806 804 3868 citatione
834 3806 1013 3886 praeligatum
1041 3811 1202 3871 terminus.
1236 3808 1267 3868 iu
1290 3824 1347 3887 quo
1369 3804 1554 3869 dimetiende

351 3896 509 3959 distantiae
532 3906 619 3979 atque
641 3895 806 3958 mediorum
822 3896 1099 3958 communicationis
1122 3897 1198 3957 ratio
1219 3895 1380 3974 pnrdenter
1397 3896 1552 3959 bebatur.

352 3982 480 4065 Quodsi,
503 3985 552 4047 ubi
576 3995 783 4061 commoretur,
807 3989 941 4065 ignotum
964 3989 1015 4061 sit.
1038 4004 1092 4064 per
1113 3983 1319 4064 ephemerides
1342 3984 1476 4065 publicas
1501 3991 1553 4047 ci-

351 4068 411 4137 tari
439 4073 526 4139 debet
556 4073 685 4137 termino
713 4073 867 4155 praelixa,
897 4090 983 4154 quem
1014 4074 1144 4136 tribunal
1171 4075 1390 4137 matrimoniale
1412 4074 1552 4136 omnibus

354 4167 513 4245 perpensis
538 4165 768 4227 circumstantiis
791 4163 990 4225 constituerit.

882 4363 912 4435 §-
936 4363 1011 4424 236.

209 4486 341 4548 Quanam
426 4461 543 4545 Quodsi
566 4475 651 4529 actor
673 4474 802 4537 asserat,
834 4483 867 4526 sc
897 4462 1052 4550 conjugale
1074 4470 1151 4526 vitae
1174 4469 1356 4528 consortium
1378 4463 1558 4527 mutiumre

226 4558 325 4607 ⁸⁰i⁰r¹³
361 4574 420 4618 non
443 4573 542 4634 possa,
566 4558 637 4637 quin
659 4549 786 4617 salutem
808 4557 925 4617 rnimae
946 4550 992 4615 rel
1015 4554 1105 4616 vitam
1128 4566 1158 4615 et
1180 4558 1339 4617 sanitatem
1359 4573 1470 4633 magno
1491 4572 1556 4617 ex-

208 4630 452 4747 f¹¹¹1¹ffl¹⁸jl⁰¹¹⁸i
473 4640 622 4719 periano,
645 4649 732 4722 etque
754 4659 842 4719 ⁰²⁸⁰,
866 4661 923 4724 quo
946 4644 1094 4722 separatio
1115 4640 1246 4723 legitime
1260 4644 1449 4723 proamitae
1464 4644 1556 4719 lorea,

200 4708 411 4823 ridendbbn.¹'⁰⁰
434 4729 578 4811 obligatio
601 4729 764 4805 incumbat,
787 4727 874 4796 alteri
896 4727 1018 4815 conjugi
1039 4730 1194 4793 honestam
1217 4751 1377 4811 procurare
1396 4741 1556 4795 stastenta-

362 4816 482 4893 tionem‚
505 4820 634 4883 tribunal
649 4817 865 4881 matrimoniale
883 4816 1068 4902 perpendere
1090 4817 1185 4891 debet,
1209 4840 1246 4881 an
1262 4820 1445 4884 arriffaientes
1460 4838 1555 4901 prae-

359 4907 425 4969 viae
448 4904 646 4973 ordinationis
674 4925 779 4970 causae
810 4917 963 4990 prostent,
996 4928 1069 4992 quas
1091 4907 1119 4971 si
1141 4907 1244 4972 baberi
1260 4907 1425 4995 judicatum
1448 4911 1507 4988 sit,
1535 4932 1557 4972 a
