3432 5230
166 39 170 47 ι

208 149 287 231 m
358 158 361 167 Ι

82 420 88 435 x
206 346 348 413 lixnmit
369 363 460 413 annm
482 340 658 429 depnsillis
680 346 754 413 istis
774 347 823 431 qui
845 347 877 413 in
898 364 947 410 me
970 342 1104 426 neme
1126 344 1250 431 expedit
1271 346 1301 411 ei
1322 344 1570 431 utmmedatnr

135 536 139 545 Ι
201 452 287 516 nole
312 453 448 516 minaria
473 453 505 519 in
534 451 612 515 eollo
641 449 707 539 ejus
735 458 765 516 et
787 449 975 537 demergatur
997 457 1031 539 ia
1050 452 1232 537 protundum
1260 455 1373 521 marie“
1391 446 1440 531 ¹)i
1485 452 1568 519 Unda

208 558 296 622 etiarn
310 555 459 640 Apostoli,
482 557 650 638 Pontiieea
673 564 753 623 seori
775 578 904 623 oenones
926 578 1013 643 qnam
1034 560 1166 624 maxime
1181 559 1344 624 uerendum
1366 577 1431 623 esse
1449 555 1567 647 jubeam,

208 685 246 730 ne
268 686 322 748 per
342 668 474 728 notiones
496 673 615 728 namtas
635 662 762 746 prisiiiis
784 673 912 746 ponetur
934 662 1108 730 seandaium
1135 674 1186 730 ant
1213 660 1424 730 odendienium
1453 666 1568 749 popnii,

207 791 265 856 qno
286 775 319 834 ie
341 778 464 853 peecata
486 779 574 853 mone
603 771 731 858 injurias
753 770 909 835 durantes.
955 770 1048 836 certo
1077 772 1196 856 qnidam
1226 770 1466 854 ammitterent
1496 772 1568 837 dis·
1616 849 1622 862 Ι

206 890 337 962 pensare
358 875 491 941 volumus
513 876 545 940 in
569 875 718 963 ejusmodi
741 896 831 942 eausa
854 877 936 941 aredi
951 896 1010 941 non
1026 886 1136 961 potest.
1173 872 1273 958 Quare
1295 897 1330 941 ee
1345 878 1567 961 dispeentim

206 991 330 1066 arrepta
345 984 466 1077 utinon
487 991 581 1067 potes,
599 987 657 1049 nisi
675 993 761 1048 antea
783 984 916 1048 mandali
934 984 1059 1048 timendi
1078 1002 1168 1049 eausa
1180 992 1295 1049 remota
1311 976 1362 1065 sii,
1378 992 1430 1048 ant
1444 984 1567 1050 mndata

206 1108 326 1156 eausam
338 1091 526 1174 dispensanti
537 1089 679 1156 retuleris
691 1110 726 1155 ae
736 1090 861 1172 perinde
875 1089 941 1177 ejas
956 1108 1132 1174 responsum
1147 1088 1367 1175 dispensationi
1376 1099 1444 1155 tuae
1458 1090 1567 1159 meat.

400 1230 475 1298 xm.
500 1230 579 1297 Num
600 1232 792 1315 dispensatio
814 1216 916 1299 cessei
928 1224 1129 1299 'revocatione
1150 1202 1372 1299 eoncedeaiiei

341 1338 491 1432 Sapientis
513 1357 619 1430 annm,
647 1360 679 1415 ut
700 1346 789 1413 iaetia
810 1357 951 1433 apparet,
979 1350 1163 1432 legislatoris
1186 1358 1249 1424 est.
1278 1367 1418 1443 rarooera
1441 1347 1569 1434 dispen-

206 1452 363 1534 sationem,
391 1475 482 1539 quum
511 1457 673 1520 cessaverit
702 1474 800 1522 eausa.
835 1451 945 1535 tonum
975 1464 1091 1536 autem,
1122 1465 1153 1519 nt
1181 1475 1272 1538 supra
1293 1456 1441 1535 vidimus,
1471 1459 1570 1521 omnm

207 1560 441 1645 dispensationis
478 1566 527 1626 ris
564 1567 595 1625 in
624 1564 776 1627 voluntate
805 1563 1006 1644 dispensantis
1034 1560 1158 1627 inndata
1186 1563 1245 1627 sit:
1280 1563 1350 1627 inde
1381 1561 1568 1647 dispensetis

207 1665 397 1732 revocatione
424 1669 632 1751 dispensantis
663 1678 775 1750 cessat,
805 1668 892 1732 etiarn
923 1669 951 1733 si
978 1672 1044 1757 sina
1073 1688 1165 1747 rausa
1193 1674 1342 1735 renouatio
1363 1669 1443 1734 irata
1466 1669 1507 1733 sit
1524 1664 1569 1754 ⁸).

206 1776 262 1841 Ast
282 1794 353 1849 vero
377 1779 529 1860 superior,
552 1780 600 1865 eni
623 1776 730 1843 bouum
754 1775 941 1841 subditorum
964 1775 1049 1840 oordi
1071 1785 1137 1857 est,
1166 1796 1253 1842 eausa
1279 1796 1339 1841 non
1361 1784 1498 1840 eemente
1521 1772 1568 1841 rel

206 1882 366 1946 alienove
395 1882 545 1946 eontraria
567 1887 793 1966 superveniente
821 1881 1073 1965 dispensationem
1096 1894 1177 1949 eerte
1208 1904 1269 1950 aon
1298 1881 1451 1950 reeoaeint
1473 1885 1507 1947 in
1529 1883 1568 1948 ne

207 1990 343 2069 casibus,
367 1988 417 2052 nbi
438 1998 490 2057 aut
513 1993 679 2073 superioris
708 1972 828 2075 omnino
857 1987 898 2053 sit
928 1997 960 2054 nt
988 1988 1194 2072 dispensaret,
1224 1999 1274 2054 aut
1297 1990 1348 2054 ubi
1378 1989 1569 2074 dispensatas

206 2094 254 2160 rel
277 2093 356 2159 alius
377 2096 517 2183 quislibet
539 2096 678 2161 damnum
700 2095 820 2181 aliquod
842 2099 906 2180 pati
928 2094 1064 2177 deberet,
1088 2096 1166 2181 quod
1187 2095 1219 2161 in
1242 2117 1309 2163 enm
1330 2095 1463 2163 nondum
1485 2094 1569 2161 inei-

207 2203 290 2267 deret
313 2223 329 2267 e
352 2201 506 2285 denegata,
528 2202 582 2266 sed
607 2224 623 2267 e
645 2212 785 2269 reeoeata
808 2203 1043 2287 dispensatione.
1154 2272 1158 2279 ,

398 2376 475 2445 lii.
500 2380 579 2445 diem
602 2382 704 2447 cessei
724 2378 918 2462 dispatentia
938 2381 1170 2448 metatores
1190 2378 1387 2462 disponenti!

340 2508 488 2597 Quamdiu
517 2523 614 2579 autem
645 2482 744 2579 valida
773 2498 959 2601 dispensatio
989 2536 1007 2579 ι
1036 2516 1230 2599 dispensante
1251 2523 1390 2579 rovoreto
1421 2533 1481 2580 non
1510 2520 1569 2595 est,

207 2621 319 2687 tamdiu
333 2621 584 2722 dispensatum
607 2622 649 2686 uti
671 2631 780 2705 potest.
829 2617 957 2701 Quando
980 2627 1072 2707 igitur
1094 2625 1216 2703 sistitis
1236 2608 1473 2706 dispensationis
1488 2640 1571 2685 non-

205 2727 277 2794 dnm
297 2739 417 2793 secutus
440 2732 490 2803 sit,
512 2730 692 2794 renuntiatio
714 2750 733 2794 a
755 2728 928 2813 dispensato
951 2729 1030 2794 ieote
1044 2729 1158 2794 tamdiu
1181 2747 1247 2794 eum
1269 2749 1330 2794 aon
1344 2736 1437 2809 meet,
1462 2747 1572 2811 qaam-

206 2837 298 2901 dina
319 2836 510 2920 Qunam
540 2856 576 2900 ee
596 2837 777 2902 renuntiatio
807 2844 960 2921 eaoeptate
981 2856 1040 2901 nen
1061 2845 1124 2902 ast.
1147 2837 1208 2909 ,At
1228 2856 1300 2900 vero
1326 2855 1382 2901 nea
1404 2835 1572 2918 dispennti

68 3005 72 3015 ,
206 2954 254 3008 est
283 2946 455 3008 renuntiare
482 2961 538 3007 nee
567 2942 772 3026 dispensantis
794 2952 949 3027 arreptura
974 2945 1241 3023 mundationem,
1272 2964 1360 3028 quum
1393 2963 1428 3008 ea
1457 2960 1572 3006 nnun-

206 3051 291 3117 flutio
304 3049 494 3121 ,indnnmnm
509 3050 632 3117 desine
647 3070 793 3133 personae
806 3060 856 3116 ant
870 3050 1094 3136 oommneitutis
1109 3046 1264 3129 redundet,
1287 3052 1320 3117 ia
1333 3048 1420 3138 οιιῇιω
1434 3048 1570 3114 favorem

118 3148 121 3157 ¹
208 3163 250 3221 sit
271 3162 406 3240 inpensa
428 3155 622 3239 dispensatio.
1110 3190 1116 3203 x

337 3260 522 3348 Ept‘lopian
551 3262 607 3329 iile
627 3274 719 3341 sunt,.
742 3262 836 3328 ieetor
865 3264 1019 3335 beneola.
1044 3282 1121 3349 quae
1141 3264 1321 3351 generaliter
1342 3264 1381 3328 de
1406 3262 1571 3345 diepam·-

207 3371 340 3438 tio'aibas
363 3370 549 3437 observanda
579 3371 651 3439 nitri
679 3374 746 3441 vise
767 3377 850 3437 suat.
895 3366 1015 3452 Quodsi
1044 3373 1129 3437 Deus
1152 3372 1291 3453 Optimus
1314 3369 1465 3436 diuinus
1485 3368 1570 3433 vires

206 3478 278 3543 miii
293 3497 329 3541 ae
344 3496 467 3542 vaenum
484 3487 599 3560 tempus
622 3478 747 3551 dederit,
767 3486 872 3559 postea
893 3476 1023 3542 fortasse
1042 3478 1079 3549 de
1096 3478 1299 3562 singularibus
1313 3477 1571 3560 dispensationum

206 3586 372 3669 speciebus,
395 3585 559 3650 de'natura
582 3605 693 3664 earnm,
716 3584 754 3647 da
780 3585 905 3648 historia
927 3603 962 3647 ae
992 3584 1136 3649 hodierna
1165 3585 1254 3667 praxi
1275 3584 1372 3649 iratus
1396 3583 1572 3668 disquiram.

206 3684 275 3773 Qua
296 3691 414 3775 quidem
436 3695 467 3756 ia
490 3690 699 3776 disquisitione
718 3691 897 3756 Germanica
921 3689 1023 3774 lingna
1046 3692 1119 3756 miii
1141 3694 1237 3775 petria
1258 3700 1340 3763 utar.
1370 3692 1504 3775 quaneh
1534 3690 1574 3756 da

205 3799 365 3882 principiis
388 3800 647 3883 dispensationum
676 3801 782 3864 melius
802 3818 872 3863 esse
894 3797 967 3863 mihi
983 3798 1079 3863 visum
1092 3802 1144 3880 sit,
1166 3798 1246 3884 qnod
1258 3799 1348 3865 latine
1364 3818 1400 3889 ea
1413 3798 1570 3865 edideram.

207 3907 293 3974 Uest
319 3908 399 3977 enirn
428 3909 460 3973 in
481 3908 616 3975 fontibus
641 3904 723 3993 juris
750 3908 877 3973 Romani
898 3906 962 3970 iere
992 3905 1070 3971 nihii
1097 3906 1134 3971 de
1156 3892 1430 3990 dispensationibus
1452 3905 1573 3989 proptia

206 4014 380 4098 reperiatur.
404 4024 502 4079 tamen
525 4019 624 4078 saneti
646 4032 775 4079 mannes
792 4032 826 4078 aa
841 4023 942 4098 patres
964 4012 1001 4076 ab
1025 4009 1153 4079 adolasia
1176 4011 1289 4079 laudati
1309 4017 1487 4096 saepissime
1510 4022 1572 4078 ianr
1598 4084 1603 4095 ⁴

206 4121 286 4187 eiare
309 4142 344 4187 ae
367 4118 498 4186 diiueide
520 4141 556 4183 ea
578 4121 614 4183 de
638 4108 760 4185 materia
782 4122 874 4186 loonti
896 4127 974 4193 sunt,
997 4130 1031 4183 nt
1054 4141 1140 4205 qnam
1163 4122 1293 4186 maxime
1315 4121 1359 4185 rei
1385 4123 1574 4185 rummiens

207 4238 298 4308 esset,
321 4229 348 4293 si
370 4232 433 4292 sine
457 4226 514 4292 nlla
537 4231 699 4293 mutatione
722 4249 776 4293 nee
799 4229 859 4293 nilo
875 4235 1032 4310 augmento
1054 4228 1168 4305 addito,
1193 4236 1331 4312 quantum
1347 4228 1410 4293 iieri
1431 4228 1575 4313 potuerit·

207 4335 279 4402 sola
300 4341 368 4419 ipsa
391 4354 492 4399 eorum
522 4335 611 4399 verba
639 4336 850 4413 recitarentur,
878 4336 993 4418 reliqua
1013 4355 1087 4400 vero
1110 4335 1331 4401 dissertationis
1352 4355 1426 4419 pars
1449 4331 1575 4401 maden

126 4500 132 4511 ,
209 4440 364 4508 Eroiesiae
385 4442 519 4525 linguam
543 4453 723 4528 sequeretur.

210 4574 424 4597 munau-u-

257 4637 283 4700 11
301 4637 343 4689 ct.
360 4637 446 4693 eane
466 4634 508 4691 ia

238 4724 343 4787 ἠΰτ.
363 4727 511 4780 1.cer.a.
536 4743 561 4782 r.
587 4726 628 4779 td.
650 4726 779 4779 niuei.
805 4728 833 4778 ia
859 4726 969 4789 semeia
993 4727 1027 4775 ed
1049 4724 1198 4778 ostentatas
1222 4728 1359 4788 epitom
1381 4726 1452 4788 spei
1473 4724 1576 4778 aaa

298 4815 327 4866 2.
343 4817 480 4870 ΑΜ
498 4820 550 4871 111.
568 4817 632 4877 Cep.
648 4825 711 4865 eset
726 4820 848 4867 mutar
866 4816 892 4869 de
911 4828 936 4867 ι.
950 4815 982 4863 de
993 4815 1136 4874 praebend.
1154 4812 1200 4869 dd·
1214 4815 1342 4867 Imeus
1350 4816 1404 4868 111.
1421 4814 1484 4879 dap
1497 4816 1574 4878 oeae

301 4904 599 4958 dimissorias·
618 4902 724 4968 ΝΜ.
746 4903 790 4957 88.
809 4903 857 4955 iad
876 4909 903 4955 et
922 4901 1090 4967 enneae
1109 4904 1128 4955 i.
1146 4905 1305 4969 sospiti.
1323 4900 1349 4965 8.
1367 4904 1394 4958 de
1412 4917 1439 4968 p·
1457 4902 1519 4958 18.

249 4984 273 5052 ⁸)
292 4970 1588 5061 cenomannense.⁷.ten.e.sermueeeeaeieeea.meaeeb
