3432 5230
133 383 242 447 boram
266 398 332 447 oum
345 380 482 447 utatur
498 384 580 451 estu
593 376 755 447 meridiem.
801 378 969 460 Praeetpn
985 385 1085 455 satan
1098 372 1209 444 auum
1230 385 1341 464 «μὴ,
1362 380 1497 464 quaiso

135 503 203 555 tres
225 492 435 574 praenotatur
457 486 535 569 dies,
557 506 683 572 quorun
705 506 782 552 unos
804 504 922 568 semper
944 505 1014 549 esse
1034 486 1122 549 debet
1140 486 1209 550 dies
1223 491 1387 554 venationis
1400 489 1496 555 eobo

135 596 243 671 larum
267 602 300 660 ut
320 594 496 660 bibliotbaos
519 596 628 682 majori
651 596 834 658 alumnorum
857 591 979 656 miliari
1008 595 1164 658 toeemtet.

269 701 303 765 ln
331 703 433 766 udam
463 701 567 784 regula
588 710 757 769 obtuentur
778 718 816 762 m
836 719 910 782 quaa
933 699 1046 765 aditum
1068 699 1107 763 ed
1129 697 1355 779 bibliotheous,
1385 710 1415 766 et
1435 706 1494 767 alis

13 846 14 873 r
135 815 242 893 quoru
263 809 353 873 ereio
375 810 413 873 ad
436 811 532 890 ipram
556 813 722 889 speetantta
744 809 927 889 raspioiuut..

196 1002 202 1011 ι
231 1002 240 1011 ·
272 918 384 982 Normr
408 908 521 1000 ottoque
544 913 678 977 tradetur
701 914 794 996 quoad
819 915 957 977 conclaue
979 913 1016 976 ad
1040 913 1163 995 physica
1186 916 1398 995 experimenta.

518 1123 812 1199 minatione·
844 1123 1085 1193 puoto-m.

270 1252 441 1316 Praefectus
473 1250 638 1315 studiorum
669 1258 773 1333 qrrarto
805 1258 917 1333 ortoque
940 1270 1044 1314 mense
1064 1257 1198 1312 restores
1221 1253 1373 1331 neriusque
1396 1249 1497 1315 sonte

13 1402 14 1413 r
136 1344 214 1420 narii
233 1356 379 1422 'Bomoi‘-
395 1367 424 1421 et
446 1357 494 1421 Pii
525 1366 665 1419 accurate·
690 1348 834 1419 oertio'res
864 1357 956 1419 iaeiat
986 1357 1024 1419 de
1045 1354 1187 1441 equraque
1208 1358 1324 1439 proprii
1345 1356 1496 1419 seminarii

13 1510 15 1535 i
135 1467 248 1535 alumni
269 1486 433 1553 progressu
457 1468 487 1528 in
511 1470 620 1546 pietate
643 1471 673 1527 et
695 1464 811 1527 litteris.
1242 1472 1244 1477 ’
1302 1478 1305 1487 ·

257 1576 380 1640 'iimries
411 1574 500 1635 atiani
531 1570 721 1654 professores
756 1571 787 1632 id
818 1574 915 1651 ipsum
940 1588 1029 1650 agere
1051 1588 1171 1652 semper
1192 1570 1318 1641 debent,
1348 1587 1414 1633 eum
1439 1573 1497 1651 ipsi

13 1728 14 1737 t
134 1681 171 1744 ab
197 1682 302 1745 iisdem
326 1681 491 1744 rectoribus
514 1679 551 1742 de
574 1678 758 1741 alumnorum
782 1694 945 1758 progressu
966 1679 1196 1758 interrogentur.

134 1800 139 1805 “
267 1788 445 1853 Reoturibos
469 1790 617 1869 utriusque
640 1784 798 1848 Seminaril
821 1786 965 1863 Romani,
995 1792 1025 1847 et
1047 1785 1094 1846 Pii
1122 1785 1169 1846 las
1191 1786 1313 1846 omuino
1336 1787 1409 1861 erit,
1441 1804 1496 1865 pro

13 1944 14 1967 ἶ
134 1912 235 1957 eornm
258 1894 401 1969 arbitrio,
433 1894 472 1956 ad
501 1891 622 1955 soboles
645 1892 737 1953 iibere
761 1890 857 1962 adire,
890 1891 986 1973 ibique
1009 1891 1215 1972 professorum
1239 1891 1417 1953 lectionibus
1440 1880 1496 1952 ad&

109 2054 110 2057 ,
135 2000 240 2064 sistere
265 2008 296 2063 et
318 1997 483 2083 discipulos
511 2004 705 2079 interrogare.

137 2134 141 2141 ·
265 2107 299 2171 ln
322 2106 483 2190 praedietis
506 2105 622 2168 nostris
644 2105 758 2166 litteris
776 2101 1030 2184 praesmipsimus,
1056 2113 1088 2166 ut
1104 2104 1214 2184 siugtdi
1231 2101 1343 2166 alumni
1365 2108 1396 2166 in
1412 2100 1496 2167 Pium

134 2212 331 2277 Seminarium
353 2214 531 2277 admittendi
555 2212 723 2274 studiorum
746 2212 862 2272 initium
886 2208 1110 2291 apitiiosopbia
1130 2209 1249 2274 ducant.
1285 2206 1380 2290 Qunam
1405 2226 1491 2292 prae·

133 2325 327 2402 scriptionem
349 2322 496 2400 integram
519 2318 748 2400 inviolatamque
770 2324 916 2399 perpetuo
940 2294 1054 2379 seruari
1076 2318 1220 2379 volumus.

210 2430 215 2443 ’
240 2430 243 2435 ’
267 2427 381 2490 Omnes
411 2426 457 2488 Pii
493 2424 652 2487 seminarii
678 2423 790 2486 alumni
826 2424 921 2486 sciant
951 2444 985 2486 se
1014 2422 1214 2504 obligare'ed
1232 2442 1236 2453 ·
1253 2427 1400 2504 integrunt
1429 2440 1496 2487 rum

134 2530 342 2614 philosophiae
365 2542 426 2594 tom
450 2531 618 2611 theologiae
640 2538 761 2592 euersum
784 2531 889 2592 sedulo
907 2526 1137 2592 *eonieieadomr

267 2635 389 2701 illumni
410 2637 499 2699 iidem
524 2635 645 2698 minione
667 2635 835 2717 obligentur
856 2636 894 2697 ud
909 2635 1019 2718 legales
1042 2634 1202 2699 iaerritates
1225 2634 1418 2716 excolendas,
1443 2636 1495 2699 sed

133 2752 219 2809 tremo
243 2746 345 2809 e'oro'rn
368 2743 559 2808 ammireris
582 2742 724 2805 deeedme
746 2748 870 2823 poterit,
899 2748 968 2825 quin
990 2742 1230 2807 institutionibus
1247 2740 1328 2828 jonis
1350 2742 1495 2816 emaoiei.
1626 2754 1630 2765 ’

137 2849 239 2915 uirilis
262 2861 292 2916 et
315 2851 479 2914 criminalis
503 2864 623 2930 operam
646 2849 770 2911 dederit.
1319 2874 1322 2881 ‚

436 3043 495 3097 ne
522 3040 759 3109 natisionis
777 3046 820 3098 et
838 3039 1011 3099 Pietatis
1030 3039 1194 3099 afflatis.

136 3180 141 3191 '
242 3190 246 3199 ’
269 3167 437 3233 cardinalis
458 3170 589 3231 vicarius
611 3188 668 3249 pro
690 3164 803 3232 eximia
825 3188 880 3232 sura
902 3169 1057 3250 reiigione,
1081 3169 1236 3251 pnrdentia
1259 3180 1287 3233 et
1309 3168 1375 3234 selo
1398 3173 1496 3235 omnia

133 3274 257 3356 pietatIs
279 3275 376 3340 officio
400 3270 556 3357 osingulis
578 3280 695 3339 romani
717 3276 870 3337 seminarii
892 3278 1027 3337 externis
1050 3275 1206 3357 discipulis
1230 3276 1382 3359 implenda
1404 3297 1496 3360 praee

135 3381 255 3446 scribat.
302 3383 396 3463 Atque
418 3380 448 3443 in
472 3382 579 3464 primis
601 3379 797 3462 advigilabit,
820 3392 851 3443 ut
874 3382 1012 3445 omnibus
1036 3383 1123 3447 iestis
1146 3368 1183 3447 en
1207 3394 1368 3467 praecepto
1391 3384 1495 3449 diebus

131 3492 322 3571 congregatio
345 3487 504 3566 habeatur,
535 3487 573 3549 ad
604 3507 690 3569 qoam
721 3504 823 3551 omues
845 3489 941 3551 exteri
964 3488 1102 3571 deripuit
1126 3491 1285 3553 convenire
1308 3491 1434 3570 debent3
1466 3503 1497 3561 ut

130 3597 188 3679 ipsi
220 3596 381 3659 christiana
412 3595 549 3658 doctrina
576 3592 809 3677 diligentissime
832 3596 1020 3675 erudiantur,
1048 3605 1078 3658 et
1101 3596 1378 3677 adparabantur,
1411 3608 1497 3683 atque

132 3703 336 3766 Eucharistiae
357 3704 547 3765 sternuente
575 3702 746 3783 frequenter
776 3702 935 3779 aeeedant3
965 3712 998 3765 ut
1026 3702 1166 3766 omnibus
1197 3704 1365 3768 scholarum
1389 3705 1495 3771 diebus

131 3828 217 3875 onrrm
241 3812 348 3873 saitem
373 3818 484 3890 agatur
500 3826 627 3886 sacrum,
651 3812 698 3870 oui
721 3807 811 3870 iidem
833 3809 930 3871 exteri
948 3808 1085 3889 discipali
1101 3815 1260 3884 intersint3
1282 3821 1314 3874 ut
1336 3815 1496 3896 quounnis

134 3925 271 3979 extremo
293 3915 537 3999 quadragesimae
558 3924 695 3995 tempora
717 3913 887 3996 spiritualia
908 3916 945 3978 ab
969 3917 1045 3995 ipsis
1068 3916 1141 3979 fiant
1161 3919 1313 3982 exereitia
1352 3894 1496 4007 EJusdetn

131 4019 291 4084 cardinalis
318 4023 376 4085 erit
406 4021 524 4101 singula
554 4040 702 4102 quaequae
732 4028 863 4083 statuere
885 4029 915 4083 et
937 4021 1124 4104 praeripere,
1153 4034 1185 4089 ut
1208 4029 1237 4087 io
1260 4027 1496 4091 odolaeoemtom

129 4132 238 4191 animis
258 4132 451 4193 sanedssirna
472 4137 578 4191 nostra
597 4127 712 4207 religio,
738 4124 858 4211 ejusque
883 4126 1023 4190 salutaris
1047 4128 1183 4193 doctrina
1204 4137 1326 4213 penitus
1340 4132 1495 4213 deligatur,

130 4250 167 4299 at
189 4234 247 4299 Dei
270 4240 360 4299 timor
381 4238 477 4319 magis
501 4239 530 4298 in
554 4235 620 4298 dire
642 4242 794 4313 augeatur.

259 4340 380 4404 Alumni
426 4353 522 4406 auum
562 4345 715 4423 utriusque
752 4339 904 4403 seminarii
943 4339 1078 4404 sedulam
1117 4345 1328 4426 assiduamque
1373 4360 1494 4426 operato

132 4470 240 4513 narare
264 4449 373 4515 debant
394 4451 424 4512 in
448 4450 589 4517 omnibus
612 4456 642 4511 at
671 4444 805 4530 singolis
831 4447 989 4531 religionis
1018 4459 1049 4513 et
1074 4451 1197 4533 piatatis
1217 4449 1494 4533 exercitationibus,

131 4572 202 4639 qnae
222 4559 426 4639 praesertptae
449 4565 518 4619 snut
539 4555 572 4617 io
594 4551 795 4636 peculiaribus
819 4554 963 4640 cujusque
984 4559 1139 4621 seminarii
1162 4554 1292 4639 regulis,

382 4750 441 4809 lie
461 4748 582 4805 Anno
601 4747 851 4807 senata-esea
872 4751 914 4803 es
932 4725 1229 4806 Vaeattomiieus.

214 4968 219 4977 1
257 4877 292 4939 iu
316 4877 454 4940 omnibus
478 4875 593 4939 romani
616 4878 770 4940 seminarii
792 4874 903 4939 sobolis
926 4876 962 4937 ad
987 4876 1019 4936 S.
1041 4872 1213 4954 apolinaris
1235 4875 1352 4942 initium
1367 4879 1494 4946 docendi

136 4983 186 5047 ilat
207 4985 297 5048 nonis
321 4986 505 5059 novembris,
538 4985 656 5049 etiamsi
684 4982 732 5047 bie
756 4983 820 5047 dies
844 4981 957 5044 ineidat
978 4980 1009 5049 in
1033 4979 1108 5043 utem
1128 4978 1227 5068 jovis3
1259 4984 1350 5051 leriae
1373 4996 1493 5050 autum·
1534 5020 1536 5025 ·
