3458 5218
197 414 330 492 scriptae
355 410 421 498 iam
444 305 554 478 merla
583 430 612 477 a.
644 411 675 474 0.
693 407 732 474 0,
763 411 799 474 ii.
825 403 858 491 ¹)

195 513 293 598 palice
314 535 335 583 a
353 520 448 598 purte
463 517 616 598 superiori
629 516 744 598 cappo
762 517 859 583 serico

195 627 365 704 coortae.
404 619 472 704 Qua
485 623 689 691 benedictione
704 623 859 703 corporale

195 728 298 797 adona
334 728 416 813 pulla
448 731 582 797 benedici
614 749 728 814 quoque
761 728 858 792 debet.

194 833 262 905 Non
291 835 370 904 enim
399 837 559 920 antiquitus
589 834 686 904 solum
719 837 859 917 replicata

144 927 148 940 ’
193 945 343 1023 posterior
366 941 533 1023 corporalis
556 963 628 1024 pars
643 941 765 1007 calicem
781 943 858 1006 inira

193 1046 318 1116 missum
333 1049 451 1132 tegebat
464 1059 550 1132 atquc
569 1055 611 1114 ita
626 1048 723 1132 pallae
737 1048 859 1132 gerebat

193 1157 297 1236 uimm,
311 1155 365 1218 sed
380 1156 567 1223 modoetiam
579 1161 762 1238 praescripta
776 1151 858 1237 palia

199 1247 519 1340 inanissimarum,
537 1283 623 1348 quam
634 1267 857 1342 exignumeor-

192 1366 296 1449 porsle
309 1377 340 1434 et
358 1366 448 1437 multi
466 1369 562 1433 adiruc
581 1378 651 1435 sunt
663 1378 725 1434 tum
736 1374 768 1432 in
779 1369 857 1434 Urbe

190 1483 255 1544 tum
277 1475 350 1540 alibi
364 1475 546 1549 secerdotes,
571 1479 621 1560 qui
637 1493 677 1539 ex
696 1476 858 1541 inveterata

192 1599 285 1664 ecqua
306 1601 324 1644 a
346 1581 487 1651 Romanis
517 1581 712 1648 Pontificibus
731 1583 858 1664 probata

191 1686 857 1772 consuetodiucnoopallacciieerncontegunt,

191 1793 244 1861 secl
255 1792 398 1878 replicate
414 1799 578 1877 posteriori
587 1794 752 1878 corporalis
761 1803 856 1876 parte.

240 1906 289 1968 ¹9·
321 1900 408 1966 Licet
436 1911 627 1986 praeceptum
658 1902 779 1966 minime
808 1901 856 1972 sit,
955 1906 985 1966 9.
1010 1899 1130 1971 Contra,
1146 1899 1359 1983 utplurimum,
1384 1901 1447 1968 ieri
1464 1909 1550 1966 extre

193 2014 225 2068 nt
246 2005 340 2072 Bursa
363 2005 537 2090 corporalis
568 2026 682 2074 erucem
705 2006 857 2072 inmerito
886 2003 1001 2069 ltaliam
1030 2004 1173 2070 videmus.
1232 2005 1355 2072 Bursam
1385 2026 1452 2072 esse
1483 2024 1549 2074 cum

189 2111 299 2181 frontis
331 2113 435 2179 habeat
466 2123 495 2177 et
526 2110 623 2180 velum
654 2114 684 2176 io
714 2113 857 2177 anteriori
887 2122 1024 2194 apertura
1060 2131 1166 2176 uersus
1201 2113 1396 2196 posteriorem
1437 2110 1549 2176 Calicis

190 2228 284 2302 parte,
302 2220 477 2286 rubricistae
494 2228 593 2292 tamen
611 2217 765 2298 volanti·
779 2220 855 2304 ruod
887 2231 1001 2302 partem
1039 2217 1207 2301 ponendam
1243 2218 1350 2287 docent
1384 2226 1547 2310 nostrates,

190 2329 280 2391 etiam
299 2326 331 2390 in
354 2325 433 2390 Urbe
455 2334 591 2393 servatur
613 2327 734 2412 ubique,
758 2336 789 2391 ut
811 2344 855 2393 se.
887 2326 957 2390 iicet
984 2326 1018 2390 id
1046 2327 1172 2391 alienum
1203 2346 1269 2392 esse
1291 2347 1310 2391 a
1331 2326 1474 2392 Romanis
1493 2325 1549 2392 ui-

188 2437 233 2500 its
254 2433 341 2498 celici
359 2433 455 2502 uuae
475 2437 655 2520 imponatur,
675 2443 708 2498 ut
721 2441 854 2516 apertum
887 2433 966 2496 tibus
988 2452 1040 2496 eos
1063 2453 1123 2496 non
1146 2432 1252 2515 lugiet.

189 2537 254 2624 ojus
277 2537 356 2607 lutus
371 2539 554 2610 sacerdotem
576 2537 854 2622 respiciatrevolu-
951 2539 1137 2606 Anteriorem
1160 2537 1220 2604 reli
1240 2547 1356 2621 partem
1378 2549 1476 2604 autem
1493 2557 1548 2603 nec

188 2653 308 2732 umque
330 2650 461 2716 anterius
484 2643 582 2713 velum
605 2653 738 2730 apertam
760 2645 853 2710 Bursa
885 2642 1001 2708 revolvi
1037 2665 1127 2728 supra
1157 2647 1282 2710 Bursam
1319 2649 1457 2710 novimus
1493 2661 1548 2708 nec

187 2761 304 2833 punem
326 2743 424 2834 egra
883 2760 1031 2834 portatum
1054 2770 1180 2834 unquam
1208 2753 1294 2816 aliter
1316 2750 1354 2815 ad
1377 2751 1470 2844 altare
1492 2767 1547 2814 ce-

883 2855 986 2930 licem,
1010 2876 1097 2942 quam
1119 2859 1265 2939 perlonga
1286 2856 1435 2939 pendente
1457 2857 1548 2923 ante&

883 2965 958 3028 riori
987 2975 1071 3048 parte
1100 2965 1157 3031 reli
1191 2961 1415 3048 sacerdotisque
1444 2971 1548 3046 pectus

882 3068 1104 3154 haudquaquam
1132 3074 1320 3152 respiciente.
1366 3069 1547 3154 insignitum

882 3179 952 3240 item
981 3194 1066 3238 cruce
1094 3194 1153 3240 non
1182 3176 1386 3260 infrequenter
1414 3179 1546 3242 enteriua

881 3281 978 3343 velum
1001 3291 1057 3348 cst.

948 3381 1008 3468 Qui
1034 3389 1163 3451 hostiam
1192 3389 1316 3472 denique
1341 3389 1546 3470 purificatorio

881 3504 1026 3558 conantur
1060 3503 1218 3578 extergere
1253 3503 1303 3558 aut
1337 3512 1426 3578 super
1465 3491 1547 3556 illam

880 3599 988 3665 ducere
1011 3617 1076 3663 cum
1098 3609 1207 3684 patena
1229 3601 1303 3669 duos
1317 3597 1423 3676 lineas,
1447 3608 1478 3664 ut
1495 3599 1547 3666 ‹ii-

879 3706 942 3770 virli
958 3727 993 3769 eo
1008 3703 1126 3770 facilius
1140 3705 1249 3787 possit,
1264 3707 1416 3772 manifesti
1432 3707 1545 3775 erroris

880 3814 911 3873 in
935 3803 1012 3876 ilrbe
1041 3813 1317 3894 iiconvincontur,
1348 3831 1414 3878 cum
1436 3811 1544 3896 prohi-

879 3916 973 3982 bitum
995 3915 1071 3988 iliud
1092 3920 1237 3984 Romanis
1261 3923 1310 3980 sit.

258 4029 309 4092 10.
332 4025 512 4107 Praeparato
536 4021 621 4088 calici
635 4025 769 4088 revoluto
791 4023 848 4087 rite
949 4029 1000 4090 10.
1024 4023 1128 4094 Multis
1151 4025 1315 4107 cisalpinis
1338 4029 1369 4088 in
1391 4044 1473 4093 more
1496 4025 1546 4087 vi-

188 4126 282 4216 supra
309 4133 431 4196 Bursam
466 4129 609 4194 anteriori
643 4128 712 4195 velo
743 4149 848 4214 qaam-
881 4125 968 4192 detur
988 4127 1062 4196 illud
1084 4151 1154 4196 esse
1175 4133 1312 4214 positum,
1336 4139 1367 4193 ut
1390 4141 1419 4194 ct
1447 4129 1543 4206 suda-

189 4235 401 4321 cnnqncaliam
418 4257 492 4316 rem,
514 4236 713 4324 cujuscunque
732 4236 848 4301 tandem
880 4234 957 4303 rium
972 4255 1064 4321 super
1075 4239 1195 4306 calicem
1204 4246 1318 4323 ponant
1326 4245 1355 4300 et
1369 4237 1542 4330 conspicillo
1660 4243 1664 4248 '

190 4345 308 4426 meris
337 4363 371 4407 ea
400 4344 456 4423 eit,
493 4346 699 4428 superimponi
729 4351 849 4407 vetuere
880 4349 966 4425 atque
989 4341 1060 4408 haec
1083 4349 1182 4409 emnia
1204 4346 1300 4412 bireto
1322 4341 1413 4410 veluti
1436 4362 1546 4415 corone

190 4449 315 4516 Romani
329 4451 436 4516 ritibus
451 4449 566 4515 tuendis
580 4450 726 4534 praefecti
747 4449 850 4513 Patres
882 4448 1007 4532 quadarn
1030 4449 1153 4514 ornentl

190 4557 258 4622 sul·
284 4566 313 4625 1.
335 4557 485 4639 Septemb.
511 4563 605 4636 1703.

188 4718 403 4738 m

187 4819 264 4886 ’1)1.
284 4823 341 4875 ian.
362 4819 437 4876 1701.
458 4824 552 4890 ωπον.
571 4825 670 4884 marie
689 4823 816 4884 cnonas.

202 4905 382 4976 'isumus
398 4909 462 4971 Pars
479 4911 498 4964 i
518 4909 545 4964 0.
562 4909 584 4973 i.
602 4914 650 4966 art
671 4911 695 4964 1.
713 4909 739 4978 t.
754 4909 779 4964 t.
