3330 5222
178 113 376 203 imvm

202 311 237 351 .·
335 294 587 450 &rambonibus
602 289 693 361 aolus
707 293 875 379 iungatur,
909 289 1095 379 adjungatur
1121 289 1236 368 eidem
1266 295 1318 378 apat
1344 294 1431 357 vices
1466 287 1539 378 ajus

350 405 424 451 enea

884 491 916 571 i·
939 492 993 554 aa.

401 597 571 680 Episcopus
595 597 728 661 mambra
749 593 907 675 tribunalis
929 591 1157 659 matrimonialia
1179 593 1323 674 nominat,
1345 602 1393 675 at,
1416 593 1535 678 quaudo

336 685 403 751 linis
425 688 503 749 ratio
526 691 652 768 exigere
674 687 734 767 ipsi
759 687 905 765 videatur,
928 704 947 746 a
969 682 1077 748 collato
1102 702 1221 747 munera
1243 685 1292 747 vai
1306 683 1462 766 suspendit
1483 680 1534 745 rei

335 783 475 840 removet.
521 775 613 839 Virus
643 773 752 857 seligat
785 777 896 840 debitis
919 773 1040 838 dotibus
1062 773 1231 856 praeditos,
1265 782 1296 837 et
1324 774 1429 857 quibus
1451 770 1535 836 nulla

335 884 373 929 ex
397 872 482 948 parta
506 864 695 947 exceptionis
718 873 790 929 nota
812 865 924 949 opponi
947 865 1053 947 possit.

876 1150 906 1230 b
937 1151 991 1214 oa.

399 1253 531 1318 Csnssas
553 1253 735 1334 referendas,
757 1256 816 1320 nisi
837 1255 1004 1338 Episcopus
1018 1252 1167 1336 peculiare
1183 1250 1253 1334 quid
1268 1259 1388 1330 statuat,
1410 1269 1535 1333 praeses

230 1394 233 1399 .
334 1341 516 1411 consiliariis
533 1345 696 1409 distribuit.
727 1346 848 1410 Deciaio
863 1344 1033 1430 majoritate
1047 1341 1253 1423 sniiragiorunr
1275 1339 1413 1406 absoluta
1427 1339 1535 1408 imur.

332 1434 457 1497 Praenes
479 1443 605 1497 menum
636 1452 719 1496 mam
742 1431 866 1497 ultimus
890 1429 1021 1514 explicat
1051 1440 1082 1495 et
1108 1429 1225 1513 quaudo
1248 1431 1342 1511 ipsius
1365 1439 1535 1513 computato

332 1521 478 1605 suffragio
500 1522 585 1605 paria
609 1531 760 1603 emergant
783 1532 869 1600 vota,
900 1541 963 1585 rem
987 1520 1127 1603 suffragio
1150 1537 1206 1581 suo
1233 1518 1381 1597 deceruit,
1412 1521 1473 1582 uisi
1495 1519 1535 1582 ds

333 1612 480 1675 aenmntia
502 1632 590 1693 super
612 1613 793 1675 matrimonii
809 1610 969 1676 ,validitate
991 1610 1114 1673 ierenda
1135 1616 1256 1689 agatur,
1279 1628 1336 1692 quo
1360 1608 1477 1692 quidam
1499 1609 1533 1671 in

333 1720 402 1764 casu
426 1700 505 1764 votis
528 1702 648 1782 paribus
668 1699 868 1765 existentibus
891 1719 1039 1783 uunquam
1063 1718 1122 1762 nou
1145 1717 1201 1780 pro
1217 1696 1369 1761 validitate
1392 1697 1533 1761 standum

332 1795 401 1852 erit.
454 1791 487 1852 Si
516 1790 665 1873 Episcopo
698 1791 793 1853 visuro
820 1792 927 1862 inerit,
963 1788 1096 1871 praesidi
1127 1789 1241 1865 virum,
1279 1786 1329 1869 qui
1356 1786 1437 1849 sicas
1466 1783 1533 1870 ejus

333 1889 433 1961 gerat,
455 1877 627 1965 adjungere,
648 1877 686 1941 de
701 1880 832 1960 negotiis
857 1878 951 1943 eidem
974 1876 1162 1962 assignandis
1177 1878 1345 1941 remeantia
1360 1876 1533 1940 constituat.

863 2253 895 2333 §0
922 2259 993 2321 100.

399 2342 597 2424 ΟοιιείΙὶιτίυε
619 2357 778 2424 tribunalis
801 2356 1048 2437 matrimonialis,
1071 2355 1157 2443 cujus
1180 2376 1214 2420 ea
1236 2368 1285 2421 est
1305 2356 1458 2439 adportes
1478 2377 1535 2421 re-

261 2467 264 2506 1
331 2447 419 2520 latio.
451 2458 483 2512 ut
512 2451 602 2514 testis
628 2457 788 2530 suspectus
817 2432 865 2513 ve'i
894 2457 925 2511 et
946 2450 1112 2532 respective
1132 2445 1274 2511 inhabilia
1297 2447 1389 2525 iuret,
1417 2446 1477 2511 iata
1499 2447 1534 2511 in

332 2556 437 2604 samaa
459 2558 477 2603 a
498 2538 703 2605 functionibus
726 2541 789 2607 suia
811 2537 988 2602 exercendis
1011 2537 1182 2603 abstinebit.

869 2735 901 2815 ς.
927 2738 1001 2801 iot.

181 2860 326 2915 tamnus-
402 2839 573 2923 Appellatio
594 2842 632 2906 ab
646 2840 797 2924 Episcopo
820 2839 966 2904 dioecesis
987 2839 1026 2902 ad
1042 2836 1261 2920 Metropolitum
1284 2836 1456 2922 provinciae
1477 2855 1537 2902 ec·

171 2944 233 2987 ²⁸¹
249 2925 531 3011 acceleratione,
554 2952 572 2995 a
594 2927 789 3012 biairopolita
811 2930 942 2994 samad
965 2929 1105 2997 Sanctam
1126 2927 1267 3012 dirigitur
1288 2925 1406 2991 Eadem·
1449 2925 1534 2997 Idem

329 3019 429 3086 locam
450 3020 554 3100 babet,
586 3020 704 3103 quando
731 3040 782 3083 res
817 3019 979 3084 meandum
1001 3016 1080 3102 legis
1100 3014 1316 3083 malasiasticae
1338 3026 1471 3085 tenorem
1491 3018 1532 3083 ad

329 3118 464 3192 quartam
485 3110 664 3174 instantiam
686 3107 805 3173 devolvi
827 3117 928 3192 potest
949 3106 999 3171 vei
1013 3109 1111 3172 debet
1157 3105 1305 3186 caussae,
1328 3125 1400 3189 quaa
1413 3106 1532 3171 Metro-

331 3197 424 3282 polita
455 3197 503 3263 val
531 3200 701 3280 Episcopus
730 3207 865 3264 exemtus
894 3198 926 3262 iu
954 3199 1051 3278 prima
1074 3198 1216 3261 instantia
1240 3197 1396 3280 cognovit,
1424 3195 1456 3258 in
1476 3214 1530 3257 se-

331 3287 426 3353 cunda
449 3306 564 3371 quoque
586 3309 605 3350 a
625 3287 705 3351 dede
725 3286 901 3370 apostoliea
919 3285 1102 3371 judicantur.

741 3520 745 3529 ·
863 3486 894 3566 5·
921 3489 994 3552 102.

180 3592 320 3646 Tarmita·
399 3588 571 3673 Appellatio
596 3590 674 3671 apud
703 3588 852 3670 tribunal,
885 3598 989 3655 contra
1017 3588 1103 3676 cujus
1132 3589 1313 3654 sententiam
1335 3589 1452 3654 direma
1474 3596 1533 3671 est,

169 3666 412 3744 “lidibinem
434 3679 535 3743 decem
551 3681 725 3744 asententia
748 3683 963 3745 communicata
978 3679 1043 3744 dies
1058 3677 1260 3743 annuntianda
1275 3681 1376 3756 venit3
1398 3678 1532 3745 tribuual

181 3749 318 3860 :3¹⁸3
331 3788 403 3832 sero
425 3772 504 3833 intra
526 3770 651 3851 triginta
674 3769 754 3847 dies,
787 3771 836 3854 qui
859 3772 973 3853 pariter
994 3771 1031 3834 ab
1053 3768 1237 3833 intimatione
1259 3779 1378 3853 peracta
1401 3786 1532 3849 eompu-

178 3884 207 3930 et
222 3859 416 3943 prope-teudi
438 3869 523 3936 suut,
554 3870 618 3922 acta
646 3857 684 3920 ad
714 3860 886 3924 instantiam
916 3860 1102 3941 superiorem
1130 3861 1281 3922 remittere
1310 3859 1407 3925 debet.
1453 3858 1531 3927 Pars

204 3955 293 4004 nendi·
330 3947 487 4031 appellans
518 3969 553 4012 ea
582 3949 619 4012 de
646 3969 681 4011 ra
708 3951 824 4013 certior·
842 3949 986 4013 reddatur
1013 3958 1044 4012 et
1073 3957 1311 4022 commoneatur,
1342 3949 1418 4031 quod
1449 3952 1530 4014 intra

326 4040 451 4121 triginta
480 4038 518 4101 ab
549 4040 683 4101 intimata
712 4039 768 4102 baa
804 4039 987 4127 injunctione
1018 4039 1083 4102 dies
1119 4057 1278 4122 gravamen
1316 4039 1354 4101 ad
1385 4039 1530 4126 judicem,

328 4127 409 4211 apud
430 4146 516 4209 quem
536 4125 700 4210 appellatio
716 4129 879 4193 secundum
898 4128 981 4212 juris
997 4128 1134 4192 ordinem
1154 4122 1368 4209 interponenda
1391 4137 1447 4208 eat,
1471 4130 1531 4193 ds-

185 4256 188 4263 ·
305 4216 406 4283 *erre
428 4224 571 4281 teneatur.
617 4216 804 4300 Supplicatio
827 4216 863 4280 de
878 4215 1008 4300 longiori
1023 4223 1150 4281 termino
1173 4215 1361 4282 coneedendo
1376 4217 1534 4298 tribunali,

328 4305 414 4392 cadus
443 4308 592 4372 sententia
619 4308 828 4388 impugnatur,
864 4309 993 4389 proponi
1029 4306 1133 4383 debet3
1165 4326 1219 4372 nec
1248 4307 1279 4369 ei
1305 4308 1415 4390 absque
1443 4314 1532 4389 gravi

326 4414 416 4460 cansa
438 4397 625 4461 annuendum
648 4404 705 4459 est.
759 4395 792 4459 Si
814 4416 869 4478 pro
892 4415 991 4461 rerum
1015 4394 1165 4479 adjunctis
1188 4398 1390 4461 necessarium
1411 4396 1466 4469 sit,
1488 4397 1531 4461 ad

328 4484 436 4551 Eedem
463 4485 604 4549 Banctm
635 4503 741 4567 preces
772 4485 809 4548 da
838 4483 974 4567 delegato
1002 4485 1182 4549 nominando
1212 4486 1359 4566 dirigere,
1387 4484 1530 4559 aibant.

328 4575 543 4655 quamprimum
566 4573 603 4636 de
625 4577 827 4637 nominatione
848 4582 970 4654 peracta
991 4572 1126 4637 notitiam
1152 4592 1190 4637 ex
1213 4574 1313 4639 officio
1336 4585 1453 4640 nactum
1475 4577 1530 4655 ait,

328 4661 368 4724 ad
389 4671 523 4727 actorum
545 4662 804 4726 transmissionem
827 4664 939 4745 absque
961 4661 1021 4725 ulia
1043 4681 1128 4725 mora
1149 4661 1301 4743 procedet.
