3400 5224
462 312 499 374 Α.

1420 115 1499 197 tis

838 306 992 394 camdeni
1011 328 1079 376 coca
1095 306 1371 392 niwiulibaberet.
1399 309 1501 394 Egre-

154 415 260 479 tiousm
283 418 362 479 enim
384 418 416 482 in
437 416 515 479 Urbe
535 416 574 479 ad
597 413 661 479 suia
684 415 808 480 confes·
839 417 887 498 gie
916 437 987 499 ergo
1021 414 1166 481 faliantur
1201 417 1337 483 moderni
1380 415 1500 499 quiden

154 526 245 586 sionis
260 523 366 588 verbac
389 521 501 600 „Voce
517 520 667 588 hebed
682 531 712 586 et
726 523 809 599 „Vos
837 523 1029 600 subrisione,
1052 520 1256 588 cursualium
1285 528 1405 587 omnino
1433 522 1500 587 dori

154 627 302 692 ἣσθην
321 629 443 692 exbibet
463 630 617 695 ministris.
658 630 807 710 Hymaurn
838 648 936 695 caum
960 630 1157 707 contendunt,
1188 634 1220 693 in
1242 649 1298 712 quo
1321 647 1360 693 ex
1382 631 1498 692 Roma-

153 730 258 798 ulmo
280 732 314 798 tn
335 731 466 799 secel&
485 732 554 799 Deo
576 742 607 798 et
628 733 724 799 Credo
746 755 806 799 non
838 758 943 802 norum
957 746 1054 801 mente
1073 736 1200 799 adscisci
1218 739 1249 798 in
1264 732 1498 800 nidrosiensi

151 838 206 903 alio
235 839 323 903 nrodo
351 849 469 919 canuc,
502 860 589 926 quarn
626 846 658 905 iu
695 842 806 905 misssii
837 845 991 926 presbyter
1013 848 1161 907 assistens
1184 846 1290 922 possit.
1321 841 1416 922 Atque
1439 839 1496 904 boe

150 945 325 1011 describitur
346 955 377 1010 et
399 955 546 1011 canutum
565 949 715 1012 tardema
730 949 807 1012 Dia-
837 948 910 1015 iilud
932 954 1030 1033 ipsum
1053 959 1116 1026 est,
1139 946 1269 1029 quodid
1289 944 1496 1011 olteroenun-

151 1071 223 1116 coao
234 1051 480 1128 ‚duodicem
488 1051 641 1119 Dontno“
651 1060 713 1137 ipse
727 1074 805 1138 quo·
837 1061 930 1120 cistae
943 1055 1063 1120 theseos
1078 1057 1173 1119 inciso
1187 1053 1406 1135 &sumpsimus
1419 1073 1497 1135 pro-

150 1178 203 1241 que
222 1155 375 1222 celebrans
397 1178 469 1223 voce
495 1161 645 1224 submissa
666 1160 739 1224 dicit
754 1159 805 1245 1)ς
837 1163 975 1226 bendum.

149 1262 218 1338 „Iis
244 1266 341 1330 odero
373 1269 443 1329 σεῖ’*
474 1277 571 1330 autem
599 1287 636 1331 ue
657 1268 806 1332 submissa
872 1348 874 1355 Ι
901 1265 1233 1355 Siquisrerocoliigere
1246 1272 1496 1348 argumentumex

149 1370 263 1453 quiden
293 1390 365 1436 voce
400 1378 428 1435 ei
458 1372 556 1437 dicere
584 1375 663 1437 licet.
708 1375 805 1457 Atque
836 1375 924 1440 Urbis
940 1374 1152 1443 consuetudine
1163 1368 1265 1450 vellet,
1276 1368 1392 1451 subjici
1402 1387 1497 1451 prue-

148 1476 218 1540 baec
240 1477 278 1541 de
300 1478 476 1545 celebranto.

148 4916 177 4981 ¹)
191 4914 227 4967 Eu
240 4918 338 4969 decret.
354 4916 381 4985 d.
393 4914 422 4967 ii.
433 4915 462 4968 G.
477 4917 503 4973 7.
516 4916 586 4981 Sept
600 4916 676 4971 ibid

834 1482 931 1546 dictis
947 1479 1199 1565 Οοηρνσραίὼπίε
1216 1477 1351 1543 decretis
1369 1471 1496 1538 ulium

834 1597 938 1653 nostra
950 1585 1234 1669 interpretandum
1247 1581 1370 1656 dedere,
1394 1585 1496 1647 conti-

833 1715 892 1758 nuo
915 1695 1116 1777 excipiemus,
1146 1696 1178 1756 in
1206 1698 1312 1755 nostro
1343 1688 1401 1752 boc
1424 1707 1496 1752 casu

832 1804 890 1867 uui
924 1801 1027 1864 inferri
1063 1797 1139 1864 nibil
1169 1796 1291 1861 omnino
1331 1814 1370 1860 ex
1408 1794 1497 1878 praxi

833 1908 963 1975 Romana
983 1927 1075 1989 posse
1096 1907 1168 1981 uui,
1193 1903 1220 1967 si
1243 1902 1311 1986 quid
1334 1921 1372 1966 ex
1388 1921 1423 1964 ca
1438 1901 1496 1964 de·

830 2014 899 2077 duci
933 2032 1026 2095 posse
1055 2011 1248 2089 concedatur,
1278 2008 1352 2073 illud
1382 2014 1495 2072 tantum

830 2120 935 2184 abesse
964 2129 996 2184 ut
1028 2119 1115 2183 nobis
1151 2118 1262 2195 obstet,
1292 2117 1362 2200 quin
1393 2115 1493 2195 potius

830 2246 1008 2309 magnopere
1045 2226 1123 2289 thesi
1152 2231 1271 2287 nostrae
1307 2223 1491 2302 suingetnr.

745 2342 748 2349 '
830 2332 940 2415 Ecquid
962 2331 1042 2396 alind
1066 2333 1143 2397 enim
1166 2350 1204 2395 cx
1228 2329 1310 2395 urbis
1332 2335 1491 2394 consuetu-

831 2440 900 2503 dine
928 2439 1074 2503 discemus
1098 2458 1184 2520 quern
1207 2437 1265 2502 duo
1288 2436 1376 2500 haec:
1400 2452 1493 2497 unum

743 2596 747 2603 .
830 2547 963 2630 quidem,
993 2544 1068 2629 quod
1091 2542 1228 2609 uddc‘dt‘io
1243 2542 1313 2625 jura
1336 2558 1495 2606 caeremo-

829 2654 950 2727 m’onb,
979 2651 1028 2734 qui
1051 2661 1143 2716 totam
1166 2651 1348 2714 functionem
1374 2647 1495 2730 dirigat,

830 2760 959 2823 adscisci
988 2760 1153 2838 prociona
1192 2763 1318 2837 neqmet
1353 2751 1494 2817 sacerdos

830 2871 994 2939 monens,
1019 2869 1067 2948 qui
1084 2881 1224 2928 unacum
1239 2862 1492 2927 caeremoniarum

830 2973 972 3054 magistro
980 2975 1092 3053 praesit
1097 2969 1212 3046 oidcio;
1225 2968 1317 3031 etboo
1325 2982 1493 3030 nosrrrnnn

828 3100 892 3144 esse
904 3090 1035 3155 tuemur3
1057 3072 1185 3140 alterum
1202 3095 1272 3139 vero
1288 3095 1324 3138 co
1337 3072 1433 3151 redit,
1451 3080 1490 3144 ut,

828 3191 984 3273 supposita
1005 3183 1068 3271 jam
1090 3186 1268 3247 necessitate
1290 3180 1372 3244 tertii
1398 3179 1493 3241 mini-

827 3295 896 3368 stri,
918 3312 1065 3376 nunquam
1084 3292 1248 3355 solemnem
1266 3292 1391 3351 missurn
1406 3281 1492 3349 aele-

828 3402 914 3465 brsre
935 3406 1125 3480 praesumant
1151 3396 1290 3473 Romani,
1318 3396 1388 3478 quin
1411 3392 1492 3457 adsit

827 3507 952 3572 clericus
974 3507 1008 3567 in
1031 3506 1136 3573 suardo
1161 3500 1193 3587 1)
1224 3506 1418 3578 constitutus,
1442 3499 1492 3583 qui

826 3615 955 3679 odicium
989 3612 1166 3676 moderetur.
1212 3608 1383 3673 Excludunt
1416 3625 1490 3690 ergo

826 3724 1026 3804 praeentiam
1045 3716 1179 3783 audior
1198 3715 1356 3783 duectorls
1370 3735 1405 3783 ec
1418 3735 1490 3781 mo-

825 3828 986 3905 deratoris,
1015 3825 1072 3889 sed
1100 3821 1191 3889 simul
1213 3829 1301 3891 etiarn
1325 3843 1413 3891 unum
1435 3843 1490 3888 rs-

827 3937 946 4021 quirunt
968 3953 1091 4016 nempe,
1120 3933 1310 4001 constitutum
1332 3933 1366 4003 t'u
1387 3931 1490 3997 succis

826 4042 1074 4107 ueremoniarum
1085 4045 1271 4123 magistrum.
1301 4039 1489 4131 nunquam

825 4170 896 4213 vero
911 4156 1144 4213 commonstrare
1157 4146 1231 4211 baec
1244 4154 1397 4228 poterunt,
1420 4143 1488 4209 lie-

825 4274 977 4319 nanorum
1008 4274 1078 4321 usus
1111 4274 1172 4321 soa
1200 4258 1281 4337 pati,
1315 4261 1346 4316 ut
1368 4258 1488 4335 prasus·

827 4365 990 4427 Diaconum
1028 4372 1057 4426 et
1091 4360 1308 4427 subdiaconum
1338 4357 1488 4425 &eudon

826 4468 1013 4548 adhibeatur,
1062 4469 1112 4554 qui
1151 4467 1314 4531 deficientis
1359 4467 1488 4531 Romani

826 4577 1050 4640 caeremoniari!
1083 4594 1201 4638 munere
1231 4573 1390 4655 officioque
1411 4571 1501 4635 iun-¹

826 4683 935 4764 gaturi
957 4681 1004 4745 Ad
1027 4703 1109 4746 mum
1131 4677 1274 4762 plrrvialis
1295 4688 1391 4744 sutem
1407 4680 1484 4762 quod

846 4914 869 4985 ¹)
882 4916 1035 4969 caeremon.
1052 4911 1173 4978 conon.
1191 4914 1211 4969 1.
1232 4913 1254 4967 t.
1272 4927 1328 4981 cap.
1345 4914 1371 4966 b.
