3400 5224
1457 174 1533 253 31⁷

182 380 253 453 erga
275 367 498 456 fidejussionem
521 372 643 437 dimissi
663 370 694 437 in
716 370 814 436 libero
837 380 915 437 statu
939 392 971 436 se
994 372 1170 436 defendendi
1192 373 1317 455 gratiam
1341 368 1539 451 obtinuerunt,

182 486 251 540 ante
273 478 386 543 exitum
408 496 514 543 causae
530 477 714 561 copulentur.
762 478 886 563 Proiogi
909 480 1107 545 ecnrceribus
1127 476 1367 543 laudaudcbunt
1385 483 1543 544 assistere

182 584 219 648 ad
243 586 401 649 ineundum
423 587 658 660 matrimonium,
682 586 742 649 nisi
764 587 844 649 iorte
865 592 1019 661 extraneit
1042 584 1077 651 lui
1109 592 1181 649 veto
1203 584 1367 650 remotae
1389 606 1443 668 per
1464 605 1540 667 pes-

182 693 281 756 soales
300 690 349 755 vel
370 692 487 757 libellos
511 692 757 778 (Wunderbuch)
780 688 967 776 legitimare,
999 691 1090 776 quod,
1113 696 1173 759 nisi
1195 692 1280 758 salsis
1302 704 1423 758 utuntur
1445 694 1541 758 docu-

182 800 297 872 mentis,
321 804 374 862 vix
397 797 462 864 illis
483 801 632 866 succedet.
659 837 703 851 -
729 802 762 865 ln
784 803 875 866 dubio
898 802 1046 865 celeratur
1067 808 1220 883 negotium
1243 802 1281 864 ad
1305 801 1540 867 Ordinariatum.

316 922 378 1006 29)
409 927 439 1006 S·
466 931 516 992 13.
540 928 618 1009 legis
641 925 741 991 ciuilis
764 926 900 1008 prohibet
919 925 1140 990 matrimonium
1155 926 1241 990 inter
1261 926 1347 1005 duos,
1372 925 1420 1008 qui
1442 944 1541 988 secum

183 1033 308 1095 inuicem
339 1028 523 1098 adulten'um
552 1039 779 1108 commiserunt3
809 1054 870 1098 non
899 1053 969 1095 vero
996 1036 1074 1097 inter
1104 1054 1193 1097 unum
1220 1033 1386 1099 adulterum
1416 1052 1454 1095 ne
1476 1051 1542 1094 cum

183 1137 243 1203 alia
263 1158 325 1223 non
346 1138 479 1203 adultera
500 1150 586 1223 parte
610 1140 764 1207 contrahat
794 1141 1025 1206 matrimonium.
1070 1141 1167 1205 Morte
1191 1146 1277 1205 unius
1299 1139 1395 1223 partis
1418 1139 1543 1211 duorum

183 1242 384 1310 aduulterorom
408 1257 508 1313 cessat
529 1249 783 1330 impedimentum.
828 1250 860 1311 Si
884 1267 955 1311 uero
978 1258 1082 1331 portes
1104 1245 1255 1313 adulterae
1277 1246 1441 1331 injudicio
1465 1265 1541 1325 con-

182 1352 356 1428 vincantur,
385 1373 434 1421 res
462 1359 587 1421 rectoria
619 1356 661 1421 nc
707 1355 820 1421 Contra
841 1352 974 1420 occultos
996 1355 1146 1422 adulteros
1171 1354 1253 1420 nulla
1282 1363 1385 1438 potest
1406 1354 1543 1421 adhiberi

184 1459 291 1531 mutio·
338 1460 404 1527 Lex
427 1461 498 1526 haec
520 1459 625 1526 eontra
648 1461 832 1529 adulterinos
855 1463 1066 1527 concubinatus
1082 1461 1201 1527 ‘directa
1222 1472 1283 1535 est.
1308 1466 1359 1546 qui
1381 1481 1440 1527 non
1463 1480 1542 1543 poo-

131 1554 135 1559 ’
183 1574 255 1630 aunt
276 1567 366 1631 iacile
388 1566 490 1635 lutere.
536 1571 568 1637 si
595 1589 667 1652 para
695 1571 784 1634 uidua
810 1578 952 1637 extranea
980 1558 1080 1637 cecum
1109 1569 1249 1635 acuam
1271 1587 1415 1652 aputeum
1447 1587 1543 1652 aequa

185 1675 386 1759 auom,
409 1694 497 1741 casus
519 1678 577 1743 iste
601 1676 805 1743 Ordinariatui
827 1679 1071 1743 remonstrandus
1093 1681 1160 1741 crit.
1346 1674 1351 1683 ‘

319 1802 378 1876 ³0)
413 1798 488 1864 Cum
519 1802 548 1871 i·
581 1807 621 1868 iti
650 1803 728 1884 legis
757 1798 854 1867 ciuilis
884 1809 906 1869 s
937 1803 1167 1885 septimanarum
1196 1802 1371 1865 habitationi
1398 1803 1430 1865 in
1459 1810 1543 1865 certa

185 1905 269 1979 loco,
294 1903 439 1971 domicilii
460 1906 568 1990 legalis
591 1909 764 1973 beneficium
787 1908 922 1973 addicat:
950 1903 1143 1974 seruileaiiri
1166 1909 1275 1975 labent
1295 1909 1450 1991 propriam
1472 1907 1545 1971 Pu-

185 2012 318 2092 cociam
339 2012 390 2077 ubi
410 2018 443 2077 in
464 2019 592 2079 servitio
616 2015 695 2097 apud
718 2015 806 2079 lueres
829 2015 879 2099 (3.
904 2022 947 2084 rt
968 2014 1078 2099 lustr.)
1099 2034 1170 2080 uero
1197 2013 1348 2080 dommim
1370 2016 1544 2100 peucenos

187 2128 257 2183 aunt
285 2124 441 2184 constituti
469 2142 521 2204 per
551 2139 609 2186 sex
632 2125 831 2206 septimanam
861 2132 981 2206 oportet
1003 2133 1115 2194 tamen,
1146 2131 1178 2186 ut
1199 2122 1351 2187 Paroclms
1374 2122 1545 2211 hujusmodi

185 2224 356 2301 servilium,
386 2229 543 2293 certiorem
565 2230 671 2294 reddat
693 2229 854 2312 praecluum
878 2228 1209 2314 septentrionalem
1239 2231 1276 2294 de
1297 2232 1412 2297 intento
1435 2234 1544 2293 matri-

186 2339 303 2415 monio,
334 2356 373 2400 an
401 2355 460 2400 uon
483 2336 564 2400 lorte
590 2336 705 2420 aliquid
726 2337 942 2402 obmovendum
964 2336 1081 2403 lrabeat.
1126 2339 1159 2401 Sl
1180 2358 1252 2402 vero
1275 2335 1448 2423 hujusmodi
1471 2356 1545 2417 pen-

187 2460 279 2506 sonae
307 2447 528 2507 matrimonium
560 2463 627 2509 cum
656 2447 820 2508 intentione
848 2454 916 2525 poet
937 2441 1014 2508 illud
1036 2449 1067 2507 in
1089 2442 1243 2529 omptume
1264 2443 1446 2509 demetitum
1467 2443 1544 2506 rud-

186 2549 276 2614 cundi
297 2548 415 2622 meant,
438 2548 487 2613 laic
509 2570 623 2634 quoque
645 2548 846 2633 promulgatio
869 2557 987 2633 praevia
1009 2552 1190 2616 instituenda
1211 2552 1277 2615 erit.

321 2674 383 2760 31)
406 2673 491 2739 circa
513 2677 710 2741 matrimonio
731 2678 832 2740 muto
855 2694 953 2740 coram
977 2695 1035 2759 quo
1058 2677 1187 2740 ineunda
1209 2673 1284 2738 nilnil
1305 2676 1477 2739 innovatum
1499 2683 1546 2737 est

186 2798 242 2862 par
266 2776 351 2864 leges
374 2778 558 2846 novellares.
604 2785 638 2847 Si
658 2803 771 2866 sponsa
792 2781 938 2847 catholica
960 2782 1127 2847 consentiat
1148 2785 1179 2846 in
1202 2782 1420 2863 copulationem
1443 2798 1545 2845 coram

186 2886 326 2951 ministro
348 2904 409 2952 non
431 2888 593 2963 catholieo,
623 2889 697 2955 nilril
731 2890 876 2973 reliquum
910 2900 956 2954 est
978 2889 1066 2974 quod·
1079 2901 1198 2973 agatur,
1229 2908 1315 2973 quam
1347 2897 1378 2952 ut
1399 2887 1545 2951 denona-

187 2993 284 3059 ticnes
307 2994 461 3077 energieae
482 2996 688 3063 adhibeantur.
730 2998 865 3082 Sponsus
887 2997 1068 3062 acatholicus
1090 3032 1136 3045 -
1156 3003 1184 3061 si
1199 3016 1258 3061 non
1282 2993 1363 3059 dedit
1378 2994 1546 3059 rcrersalca

188 3130 231 3148 —
253 3103 320 3183 cogi
341 3120 402 3167 non
422 3111 526 3185 potest
547 3103 586 3167 ad
607 3105 817 3187 acceptandam
841 3106 1042 3170 assistentiam
1060 3106 1233 3185 patticam,
1254 3101 1316 3167 nisi
1331 3101 1409 3167 lorte
1425 3112 1546 3166 eatenus

188 3206 276 3272 aubin
297 3222 376 3273 nava
397 3209 558 3292 dispositio
581 3216 770 3275 emanaverit.
816 3212 849 3276 Si
870 3232 941 3277 vero
963 3211 1050 3277 datae
1068 3219 1140 3276 sunt
1161 3208 1342 3283 reversales,
1366 3213 1467 3292 utiquc
1490 3226 1544 3272 us-

186 3318 326 3380 autentu
348 3319 455 3382 actico
476 3316 575 3383 locum
597 3317 704 3401 habet,
728 3339 814 3403 quam
838 3319 987 3385 declinare
1009 3340 1069 3385 non
1092 3320 1173 3384 licet.

321 3446 380 3521 32)
410 3443 444 3506 Si
465 3445 579 3524 Sponsi
599 3447 660 3507 sint
683 3463 721 3508 ex
745 3444 874 3509 diversis
897 3445 1058 3526 parochiis,
1081 3442 1260 3508 documento
1283 3438 1390 3523 sponsi
1412 3449 1484 3505 sunt
1506 3439 1545 3503 ud

187 3546 352 3612 Paroclmm
381 3569 526 3632 sponsae,
555 3584 599 3597 -
628 3569 700 3633 quae
722 3551 755 3613 ιἰι
779 3544 885 3634 sepulc
912 3553 1000 3633 fucit
1022 3552 1152 3631 nuptiae
1174 3569 1332 3631 —penes
1364 3548 1546 3613 distinctum

186 3654 221 3717 ιἰι
247 3653 505 3722 &mumolum
533 3656 788 3741 concc'puote'onem
817 3659 1059 3730 transmittenda,
1090 3677 1184 3742 neque
1206 3658 1335 3738 amplius
1357 3654 1546 3720 reclamanda

187 3770 244 3841 per
264 3760 430 3827 Paroclmm
452 3763 649 3829 dimittentem
672 3765 710 3828 ad
732 3763 941 3847 copulandum.
977 3761 1127 3848 copulans
1144 3783 1216 3827 vero
1240 3761 1382 3828 adnotare
1403 3761 1492 3825 debet
1515 3765 1546 3823 in

188 3858 376 3944 Protocolio,
407 3870 480 3937 laec
503 3872 678 3936 documenta
701 3871 738 3935 ed
761 3890 795 3936 se
817 3872 910 3935 inisse
931 3876 1120 3951 transmissa,
1143 3872 1225 3933 etin
1248 3868 1380 3934 Archino
1402 3867 1545 3950 reposita.

266 4086 272 4091 ,
322 4016 380 4093 33)
418 4014 505 4081 Solae
533 4011 750 4079 dimissoriales
782 4034 836 4077 auu
865 4012 965 4078 forma
995 4020 1027 4075 ut
1055 4031 1146 4095 supra
1168 4004 1244 4077 Nro.
1268 4018 1288 4077 2
1312 4011 1474 4093 expeditae
1496 4016 1547 4071 te-

187 4106 306 4182 stantur
335 4121 371 4186 de
397 4123 529 4204 formali
555 4132 585 4187 et
612 4140 758 4204 cupream
780 4119 905 4186 Paroclri
933 4118 1121 4203 delecatioue
1151 4116 1189 4181 ad
1218 4112 1413 4201 copulandum
1436 4118 1467 4180 iu
1489 4111 1549 4178 alia

188 4224 344 4295 Parcchia,
390 4231 422 4293 si
445 4229 595 4294 Paroclrus
618 4228 758 4311 proprius
780 4228 909 4309 positive
933 4227 1008 4291 sciat
1031 4224 1247 4309 copulationem
1263 4233 1345 4288 certa
1360 4224 1407 4287 dic
1430 4232 1459 4287 et
1473 4222 1548 4286 lucra

189 4335 389 4417 peragendam
412 4357 480 4401 esse
504 4343 534 4400 in
557 4357 610 4401 sua
632 4335 762 4399 Ecclesia
791 4356 846 4417 per
868 4331 1099 4416 cooperatorem
1122 4334 1171 4396 vel
1193 4331 1282 4396 alium
1306 4330 1495 4395 Sacerdotem
1518 4336 1547 4392 et
1595 4368 1599 4377 ·

173 4458 252 4504 non
273 4438 421 4517 reclamet,
445 4446 544 4509 tacite
566 4442 734 4521 consentit,
757 4463 783 4505 e.
807 4462 836 4525 g.
881 4442 914 4505 Si
936 4445 1002 4521 ipse
1023 4440 1175 4505 Paroclrus
1199 4422 1357 4511 constituat
1379 4448 1494 4518 tempus
1518 4445 1547 4498 et

190 4545 295 4611 horum
318 4549 514 4631 copulationis
535 4549 739 4633 peragendae,
771 4549 818 4612 vel
845 4546 985 4630 expediat
1014 4552 1143 4628 scripta,
1175 4545 1228 4610 sed
1251 4540 1427 4627 impediatur
1450 4543 1487 4605 ab
1511 4561 1546 4609 et

188 4656 360 4736 peragenda
386 4694 430 4706 —
458 4663 547 4721 tacite
576 4661 733 4722 consentit.
781 4657 872 4719 Secus
904 4675 936 4718 sc
966 4674 1016 4716 res
1047 4652 1150 4732 habet,
1178 4658 1205 4715 si
1235 4646 1347 4715 nullam
1369 4649 1485 4714 dederit
1507 4647 1546 4712 ad

190 4758 423 4843 cooperatorem
453 4763 490 4826 de
517 4765 689 4828 imminente
720 4762 906 4847 copulatione
935 4757 1178 4841 significationem
1209 4775 1385 4841 expressam
1422 4759 1479 4831 itu,
1515 4762 1548 4819 ut

188 4866 259 4948 ipsc
281 4866 377 4935 inscio
400 4877 592 4957 perageretur
615 4868 782 4954 c'opulut103
814 4904 859 4920 -
879 4878 950 4937 tomo
971 4871 1049 4933 enirn
1070 4883 1237 4932 couceocua
1256 4862 1469 4947 praemoritur
1490 4882 1546 4947 pro

186 4972 301 5057 futuro
322 4976 449 5060 incerto,
476 4980 527 5062 qut
546 4992 610 5043 non
631 4976 750 5045 euicit
872 4982 877 4991 '
1128 4978 1132 4987 '
1308 4948 1324 4991 ³
1524 4974 1528 4981 '
