3302 5224
1383 134 1459 233 tot

115 343 215 406 larm-
244 337 275 418 ¹)
318 340 405 407 [teat
426 334 506 406 emm
525 339 622 407 moun
642 342 703 407 rint
724 341 917 424 particularia
939 342 1050 427 placita
1073 342 1122 428 2ι)
1151 345 1343 413 verissimum
1365 350 1465 415 tament

116 457 206 513 est-
226 446 304 531 qnod
325 456 360 510 et
379 446 541 511 ostendunt
562 449 724 532 disputata,
746 456 777 513 et
798 451 1013 515 confirmabunt
1035 452 1170 531 dicenda,
1193 454 1348 537 generales
1371 461 1462 522 etiam

114 553 340 619 spumosas,
363 553 400 617 R
424 552 458 620 0.
481 552 565 636 leges
586 574 652 620 assa
675 553 763 622 latas.

233 657 325 724 Carta
347 658 418 723 laec
439 668 526 737 sunt3
549 661 604 725 aad
627 660 697 744 quid
721 664 821 743 quaeri
843 683 860 725 a
880 664 967 728 nobis
990 672 1143 748 praeterea
1166 667 1274 748 possit,
1298 667 1387 732 etiam
1410 670 1463 734 ln-

110 764 286 851 talligimoaa
315 767 374 831 lroc
401 784 491 832 unum
521 784 566 831 ac.
596 767 713 831 videtur
735 786 801 833 ease
821 765 988 851 reliquum,
1012 771 1088 853 quod
1112 772 1211 854 expeti
1233 792 1293 837 non
1316 776 1464 861 immerito

112 885 206 959 queat,
232 883 267 938 ut
289 875 421 939 critart'u
444 874 586 957 quaedam
606 875 723 953 demus,
745 874 1020 961 distinguentesqoe
1042 878 1128 942 dotes
1144 896 1335 960 exponamus.
1360 884 1465 963 quibus

109 982 235 1046 dimmni
258 980 418 1045 arleereus
439 979 669 1064 particularibus
692 980 869 1045 universalia
884 984 1009 1064 possint,
1034 985 1198 1070 quibusque
1213 995 1278 1049 tuto
1300 986 1466 1073 dijudicare

108 1089 205 1168 detur,
228 1088 301 1172 quid
325 1090 462 1153 aninmo
483 1085 631 1152 catholico
653 1088 721 1152 orbi
742 1090 785 1153 sit
806 1091 1024 1172 praescriptum
1046 1090 1153 1175 quidne
1184 1112 1201 1155 e
1227 1101 1331 1157 contra
1355 1094 1406 1157 nni
1427 1100 1468 1160 stt

109 1194 229 1261 dremne
251 1192 418 1282 injunctum
438 1192 594 1261 ecelesiae.
638 1188 796 1268 θιιιειιιιιιι
816 1194 925 1278 igitur,
948 1196 1064 1262 infinite
1086 1216 1230 1279 muamus
1254 1201 1466 1327 quaestionem,

109 1320 248 1387 quaenam
270 1319 312 1365 ec
332 1301 468 1368 demotis
489 1299 637 1365 Ilontunia
658 1298 799 1366 talentu
821 1303 873 1366 nu
892 1302 1108 1425 particularia
1127 1310 1204 1370 cunt
1223 1309 1256 1370 et
1277 1300 1468 1390 quaenam

108 1413 229 1476 matra
235 1405 469 1475 muneratae
491 1406 710 1474 secernendo?

236 1531 293 1602 48.
338 1535 504 1625 Antequam
526 1531 665 1598 satisfieri
686 1531 754 1597 unic
769 1528 902 1616 generali
918 1533 1051 1618 quaesito
1066 1507 1183 1618 potest,
1205 1524 1311 1599 sedulo
1326 1535 1466 1601 animad-

8 1712 9 1717 ἵ
108 1647 200 1704 cartas
222 1648 358 1723 oportet,
389 1659 449 1704 non
480 1658 572 1723 posse
594 1641 638 1703 sic
660 1641 760 1705 omnia
781 1640 914 1704 Romana
936 1636 1055 1715 decreta
1078 1660 1136 1706 ιιιιο
1158 1641 1253 1707 veluti
1274 1632 1358 1707 lasea
1380 1662 1468 1709 cotn-

8 1728 10 1753 ⁸
109 1743 248 1830 prehendi
269 1744 359 1831 atque
381 1748 432 1811 ita'
445 1747 482 1812 dn
504 1748 642 1812 omnibus
665 1746 775 1830 absque
798 1742 860 1810 ullo
882 1746 1055 1812 discrimino
1076 1749 1156 1813 tacto
1179 1749 1300 1833 inquiri,
1323 1771 1465 1834 quaenam

106 1870 142 1918 ex
163 1852 207 1916 iis
232 1851 449 1933 particularia
480 1853 558 1933 sint,
589 1871 730 1943 quaenam
757 1874 830 1918 vero
858 1852 1076 1920 uotoasaturt
1109 1848 1256 1936 Quamvis
1291 1858 1373 1921 enirn
1409 1878 1468 1923 una

110 1969 280 2025 nouorum
303 1960 492 2025 decretorum
515 1963 557 2025 sit
578 1963 693 2025 remoto
714 1978 804 2025 causa
825 1956 962 2043 nullaque
983 1958 1034 2027 lex
1056 1981 1073 2023 a
1096 1960 1238 2026 Patribus
1260 1964 1361 2036 detur,
1394 1984 1470 2051 quaa

111 2078 216 2133 manate
239 2069 302 2131 sim
331 2086 414 2131 anam
443 2086 505 2132 non
526 2068 635 2133 labent
655 2069 692 2131 ab
716 2087 773 2131 una
794 2085 931 2149 suprema
955 2068 1081 2139 Romani
1102 2066 1258 2133 Pontificis
1280 2073 1468 2153 alletoritate,

112 2175 287 2259 proindeque
319 2176 465 2248 omnium.
495 2176 534 2240 ad
564 2193 637 2259 quos
665 2180 793 2256 spectet,
824 2174 1035 2239 conscientiam
1069 2172 1160 2257 liget3
1193 2195 1253 2239 non
1287 2187 1467 2244 nontamen

8 2348 10 2369 ,
113 2285 246 2365 perimo
268 2291 314 2345 est
337 2282 495 2346 earundem
517 2302 608 2346 causa
629 2279 744 2364 legump
767 2289 811 2344 tot
832 2299 957 2364 namque
978 2279 1049 2346 illae
1072 2291 1282 2355 numerantur,
1307 2294 1377 2367 quot
1400 2304 1467 2349 esse

8 2378 10 2411 ³
117 2406 208 2453 meras
232 2388 383 2453 llomnnas
406 2391 652 2472 congregationes
674 2389 812 2472 superios
830 2382 863 2470 2)
886 2386 1027 2452 diximus.
1072 2386 1284 2473 inquirendum
1308 2399 1466 2474 propterea

119 2504 157 2558 est
173 2503 250 2579 antc'
263 2497 363 2560 omnia
384 2495 416 2558 ln
440 2495 623 2580 singularum
637 2492 908 2579 congregationum
925 2502 1060 2560 naturam
1076 2494 1303 2580 videndumque,
1327 2516 1467 2580 quaenam

122 2602 262 2683 provincia
285 2604 328 2666 sit
349 2600 475 2685 aPapn
483 2599 535 2666 illi
557 2602 783 2685 congregationi
805 2600 993 2679 demandata,
1016 2603 1053 2665 de
1076 2622 1131 2686 qna
1153 2621 1256 2666 sumus
1279 2602 1463 2668 arbitraturi.

122 2706 262 2787 locamus,
285 2728 433 2780 summum
448 2708 620 2785 Pontificem
644 2729 693 2771 uon
685 2708 799 2792 ''Purp
793 2717 942 2771 iratorum
962 2708 1058 2772 coetui
1074 2708 1258 2794 provinciam
1275 2710 1467 2807 demandasse

125 2825 339 2901 potestatemque
369 2813 550 2904 contulisse,
579 2815 794 2898 interpretandi
817 2806 1017 2891 doleremus
1046 2835 1101 2878 suo
1124 2818 1243 2879 nomine
1266 2837 1375 2901 suaque
1398 2835 1469 2881 ιιιι-

134 2928 228 2988 notate
238 2921 320 2988 illas
341 2921 435 3006 leges,
447 2942 531 3008 qnae
553 2920 739 2987 universales
761 2923 823 2984 sint
843 2939 878 2984 ac
900 2931 992 2984 totam
1006 2920 1118 2985 Christi
1139 2921 1295 2986 ecclesiam
1313 2920 1467 3005 obligentr

137 3022 200 3090 altat
214 3040 312 3117 autem
335 3028 446 3094 selecto
470 3028 671 3096 cardinalium
695 3026 821 3092 consilio
843 3046 943 3091 curram
967 3028 1155 3093 commisisse
1178 3030 1357 3109 dirimendi,
1380 3029 1467 3093 arlui-
1522 3029 1525 3037 '

137 3138 219 3199 trorum
248 3155 347 3216 more,
378 3149 500 3202 exortas
529 3139 608 3203 torta
634 3137 855 3200 controversias
884 3131 921 3221 ivn'
936 3134 1172 3216 'particularibus
1194 3136 1348 3214 ccelesiis,
1379 3156 1465 3202 com·
1544 3200 1549 3207 ,

130 3244 235 3317 ponendi
265 3242 335 3307 lites
367 3245 618 3329 cognoscendique
647 3245 813 3308 incidentes
843 3241 1051 3307 difficultates:
1082 3245 1224 3327 numquid
1252 3265 1324 3327 quae
1347 3244 1409 3308 dici
1431 3245 1468 3309 de

126 3341 224 3414 illorum
246 3352 437 3415 authenticis
460 3349 675 3417 universalium
697 3348 793 3434 legem
814 3348 1124 3429 interpretationibus
1150 3348 1278 3429 debent,
1303 3371 1337 3414 ea
1352 3368 1466 3437 quoque
1584 3392 1589 3401 ·

126 3457 209 3520 onnia
230 3458 337 3522 reterri
360 3458 401 3520 ad
421 3457 526 3522 horum
549 3457 685 3522 arbitrtu
707 3461 857 3540 possuntt
889 3456 1038 3540 Numquid
1062 3458 1241 3522 arbitrorum
1266 3460 1412 3522 sententio
1436 3460 1467 3522 in

126 3575 185 3625 ttsn
204 3562 300 3649 aliquo
316 3563 489 3657 particulari
511 3565 617 3630 iisdem
640 3574 688 3629 cst
710 3562 965 3641 ornatu-dotibus,
988 3564 1095 3646 quibus
1118 3565 1254 3646 praedita
1277 3573 1325 3628 est
1339 3564 1468 3628 authen·

126 3665 176 3731 tita
194 3683 276 3756 atque
298 3673 336 3735 ati
359 3675 425 3755 ipso
447 3668 622 3761 legislatore
643 3673 721 3736 taeta
744 3670 921 3735 anniversalis
944 3669 1022 3752 legis
1045 3690 1152 3734 sensrrs
1176 3668 1363 3737 declaratio?
1387 3668 1469 3737 uruit

122 3776 220 3842 minuc
256 3780 288 3843 st
312 3779 406 3863 igitur
427 3779 505 3843 torte
527 3798 565 3843 es
589 3780 743 3865 supposita
767 3775 1023 3861 dissimilitudinis
1045 3779 1162 3841 ratione
1184 3779 1326 3864 distingui
1349 3777 1471 3843 acnu-
1564 3826 1568 3833 .

121 3888 336 3967 gregationibns
359 3887 606 3970 congregationes
622 3887 740 3960 delent,
764 3883 999 3949 discriminanda
1022 3903 1136 3973 quoque
1158 3896 1244 3950 erunt
1267 3906 1305 3951 ex
1329 3886 1384 3949 lac
1405 3885 1471 3967 ipsa

119 3994 247 4067 mutatu
269 4013 322 4059 sue
347 4013 453 4074 canusa,
474 4013 548 4077 quaa
571 4013 589 4056 a
611 3993 899 4076 congregationibus
920 3990 1076 4076 prodiere,
1099 3978 1229 4056 deuicta.

239 4124 293 4186 tu.
339 4120 430 4201 Atqui
458 4119 650 4201 ippottetr‘cc
676 4119 865 4200 suppositum
894 4116 1099 4181 distinctionis
1116 4117 1345 4187 ¹tirnrlatnentum
1364 4135 1469 4182 revera

121 4221 219 4289 flasse
240 4227 452 4309 comprobatas·
472 4229 607 4299 omnino,
630 4243 696 4288 cnm
722 4244 827 4289 sacrae
848 4225 1000 4288 Romanae
1024 4222 1279 4307 Congragrtiones
1300 4230 1339 4287 ln·
1356 4222 1469 4306 duplici

121 4326 275 4397 durantu
298 4330 340 4396 it'a
354 4342 526 4411 uersentur,
548 4341 581 4395 ut
602 4329 673 4395 aliis
686 4330 812 4414 ‚quidem
834 4333 985 4413 negotium
1006 4332 1047 4394 sit
1069 4329 1245 4395 aPontllce
1262 4329 1468 4395 demandatum

116 4431 323 4523 interpretandi
351 4438 436 4524 leges
465 4436 768 4519 universalemque
796 4456 868 4504 sero
898 4437 1054 4522 praecipue
1078 4440 1235 4505 commissa
1268 4456 1338 4505 cura
1362 4440 1470 4521 imsu-

165 4739 194 4809 ¹)
215 4728 307 4799 ecnu-
325 4757 352 4797 ιι.
367 4742 412 4797 2⁶.

163 4845 196 4915 2)
216 4848 290 4903 tarra
306 4848 352 4902 tr.
369 4852 399 4902 tn
415 4848 539 4912 ιιιιοιιι
554 4849 619 4907 asta
638 4852 663 4899 ι.

164 4952 194 5023 ⁸)
213 4956 346 5034 inultam
363 4959 451 5024 morta
468 4954 546 5018 lotor
563 4958 649 5019 partu
666 4966 693 5010 ιι.
715 4951 755 5008 at.
