3408 5226
198 516 471 595 ‘'nicoeaue
495 520 563 590 ab
592 516 1021 592 Encimemiieeimn
1046 516 1204 588 (tuam.
1218 519 1514 619 Ramnenses,

618 631 742 692 Principe
760 629 960 692 archiepiscopo
974 628 1126 693 Viennensi,

261 702 268 713 ’
365 718 402 783 ed
425 716 724 793 Excellentissimum
746 717 927 800 Episcopum
949 715 1254 780 Transsilvanieasem
1278 715 1375 778 datae.

431 890 697 971 Eeeellentc'aoimc
718 924 758 973 oc
779 902 1047 969 Rmerendioet‘me
1068 900 1218 967 Domine!

196 1056 202 1141 J
327 1052 452 1117 Litteris
489 1074 585 1138 nuper
617 1055 691 1119 mibi
725 1055 852 1118 redditis
889 1052 1076 1118 Excellentia
1113 1054 1218 1116 Vestro
1255 1053 1291 1114 de
1329 1052 1554 1117 difficultatibus

195 1146 335 1241 scripsit,
359 1180 431 1243 quae
454 1159 608 1226 nonnullis
631 1162 748 1225 obstare
763 1161 909 1237 videntur,
933 1160 1002 1242 quia
1025 1164 1057 1221 ia
1072 1160 1227 1221 sententiis
1248 1159 1445 1222 retractandis
1464 1160 1551 1245 juxta

193 1270 402 1331 mesentana
424 1270 456 1350 §-
484 1275 546 1335 19ss
569 1269 762 1351 proeedaturr
791 1271 899 1351 quippe
923 1275 1065 1331 statatum
1088 1265 1197 1328 ibidem
1222 1274 1284 1344 est,
1307 1265 1384 1347 quod
1408 1270 1552 1330 sententia

193 1372 231 1439 de
251 1375 435 1437 matrimonii
457 1377 560 1439 valere
582 1377 662 1440 dicta
684 1395 832 1462 nunquram
856 1381 886 1439 in
902 1395 964 1438 rem
983 1373 1150 1461 judicatam
1174 1381 1323 1449 transeat3
1347 1392 1434 1455 maram
1457 1384 1552 1436 summ

192 1476 344 1567 generalis
366 1480 439 1545 baec
462 1484 661 1566 praescriptio
693 1484 780 1546 etiam
808 1483 975 1545 sententias
995 1483 1025 1543 in
1048 1478 1228 1542 matrimonii
1250 1479 1382 1542 lavarem
1405 1478 1482 1542 latas
1504 1490 1552 1543 at-

192 1566 295 1669 tineat,
317 1596 401 1667 sunt,
434 1566 489 1669 qui
507 1588 628 1666 timeat,
662 1609 700 1651 ne
729 1585 863 1653 facilior·
879 1594 1029 1650 sternatur
1051 1589 1100 1646 uia
1121 1585 1291 1649 hominibus
1313 1585 1352 1647 ad
1374 1585 1553 1648 matrimonii

193 1692 344 1761 ommium
363 1690 609 1757 ‚labeiactandam
637 1693 711 1758 nibil
743 1714 803 1758 non
835 1692 1087 1763 nominantibus,
1118 1700 1158 1754 et-
1171 1689 1300 1755 tribunal
1319 1692 1553 1755 ewlesiasticum

193 1799 389 1880 processibus
412 1798 687 1871 memorialibus,
713 1800 761 1882 qui
780 1798 844 1886 jam
867 1817 945 1861 nunc
966 1798 1182 1879 frequentiores
1204 1797 1329 1872 adsunt.
1353 1804 1472 1882 penitus
1496 1798 1554 1865 ob-

192 1904 305 1969 ruatur.
350 1903 467 1969 Idcirco
490 1908 586 1969 satius
610 1926 678 1969 esse
702 1905 828 1982 ducunt,
854 1914 885 1969 ut
907 1905 1092 1968 retineantur
1111 1904 1255 1969 dioecesis
1269 1904 1556 1970 Traossilvaaiensis

194 2012 322 2087 statuta,
364 2031 488 2094 quoram
521 2012 558 2077 ad
591 2033 723 2076 normam
760 2031 838 2074 noua
870 2011 1019 2075 audientia
1047 2011 1126 2095 parti
1156 2013 1374 2075 matrimonium
1404 2019 1555 2076 accusanti

196 2102 291 2199 semel
314 2126 427 2203 tantum
452 2129 481 2201 et
505 2126 584 2184 intra
607 2121 775 2202 quindecim
799 2118 914 2181 dierum
937 2120 1066 2200 spatium
1090 2119 1211 2181 concedi
1226 2129 1334 2200 potest.
1371 2119 1558 2183 Excellentia

195 2226 301 2290 Vestra
324 2225 491 2306 desiderat,
521 2237 553 2291 ut
584 2219 663 2290 bisce
686 2226 834 2289 derebus
857 2235 985 2288 mentem
1008 2245 1101 2288 meam
1125 2226 1271 2307 aperiam:
1299 2246 1445 2309 exponam
1474 2245 1557 2308 ergo,

197 2350 271 2414 qnae
293 2351 340 2395 me
363 2333 480 2414 quidem
499 2333 602 2419 judica
625 2333 753 2395 tenenda
773 2340 852 2395 sant.

199 2437 211 2465 ’·
243 2436 249 2445 ’
283 2432 384 2518 Quum
408 2436 616 2523 appellationis
640 2438 801 2502 remedium
831 2438 868 2502 ad
900 2437 1079 2523 injustitiam
1102 2439 1259 2502 arcendam
1282 2440 1483 2504 introductum
1507 2446 1557 2512 sit.

196 2542 326 2609 sollicite
350 2545 593 2619 emendemus
615 2546 653 2609 ad
671 2544 822 2631 justitiam
845 2544 1093 2627 praepediendum
1117 2545 1334 2628 detorqueatur.
1380 2546 1475 2628 igitur
1497 2558 1559 2610 tam

196 2669 329 2716 canones
347 2628 438 2735 'quam
461 2651 545 2735 leges
569 2652 674 2737 civiles
697 2653 838 2715 adcurate
860 2653 1017 2723 definiunt,
1046 2651 1128 2721 intra
1150 2645 1304 2733 quemnam
1328 2659 1470 2734 temporis
1493 2664 1559 2717 ter-

137 2738 147 2761 *
195 2762 308 2824 minum
340 2769 370 2822 et
402 2764 516 2844 quoties
538 2759 768 2844 appellationem
792 2764 982 2842 interponere
1004 2756 1109 2837 liceat,
1141 2778 1194 2821 nec
1216 2779 1277 2823 nen
1301 2769 1451 2841 statuant,
1481 2760 1559 2843 quod

195 2872 361 2948 saumana,
395 2867 540 2935 adversus
572 2869 657 2951 quam
689 2866 763 2932 nulii
792 2866 920 2950 naplius
949 2862 1143 2948 adpellationi
1165 2863 1247 2947 locus
1269 2866 1310 2930 sit
1343 2867 1424 2952 (nisi
1452 2867 1561 2935 iorsnn

196 2978 285 3036 irrita
307 2971 468 3058 dejure),
501 2975 533 3038 in
555 2994 618 3039 rem
638 2973 802 3062 judicatam
826 2982 974 3044 transeat,
999 2980 1027 3035 et
1048 2971 1266 3037 irretractabile
1288 2974 1367 3037 inter
1388 2984 1487 3055 partes
1505 2973 1562 3059 jus

194 3080 296 3144 iaciat.
343 3081 430 3145 Ratio
460 3082 538 3164 legis
561 3092 621 3154 est,
653 3086 721 3163 quia
743 3083 832 3143 bomo
855 3082 886 3142 in
909 3081 948 3141 iis
971 3088 1104 3151 tantam·
1126 3096 1200 3160 quae
1223 3079 1280 3142 ilde
1303 3080 1435 3161 Spiritus
1454 3081 1561 3144 Sancti

195 3184 293 3273 matie
315 3188 413 3251 iniust
436 3198 532 3266 tenet,
554 3186 593 3251 ad
617 3188 783 3250 absolutam
811 3196 840 3249 et
863 3184 1049 3249 infallibilem
1072 3186 1277 3249 certitudinem
1301 3184 1426 3250 eluctari
1448 3197 1561 3269 potest,

194 3295 228 3375 in
256 3291 383 3377 reliquis
416 3304 511 3357 autem
544 3298 588 3373 ei,
621 3313 705 3379 quam
736 3291 877 3361 moralem
901 3292 1019 3365 dicunt.
1045 3291 1216 3354 certitudini
1239 3298 1407 3377 acquiescat
1430 3304 1560 3377 oportet.

196 3396 357 3481 Quaelibet
374 3399 489 3487 judicis
512 3401 633 3467 humani
648 3400 796 3463 sententie
816 3400 958 3491 suadetur
980 3400 1010 3463 in
1033 3400 1262 3482 praesumtione,
1286 3422 1373 3483 quam
1396 3423 1414 3464 a
1434 3402 1562 3466 veritate

196 3508 274 3572 baud
296 3509 437 3571 aberrare
459 3512 699 3590 neque-eunetis
721 3505 799 3589 legis
827 3508 1015 3571 cautionibus
1042 3507 1203 3587 diiigenter
1231 3507 1398 3572 observatis
1421 3508 1562 3573 absolata

195 3622 309 3679 certum
339 3622 395 3688 est.
442 3616 554 3678 Verum
585 3614 703 3697 publice
725 3619 822 3694 magis
846 3615 987 3696 expedit,
1016 3624 1049 3676 ut
1070 3613 1140 3677 binc
1161 3613 1231 3677 inde
1254 3618 1419 3685 sententia,
1444 3637 1560 3699 quasa

192 3718 272 3808 justi
294 3724 426 3805 rectique
442 3726 561 3785 tramite
576 3723 767 3803 aberraverit,
793 3724 875 3785 iirma
891 3729 1017 3798 maneat,
1041 3741 1127 3804 quam
1151 3729 1182 3784 ut
1200 3723 1331 3785 omnium
1346 3727 1560 3787 sententiarum

195 3827 335 3895 firmitate
358 3835 480 3891 nutante
502 3832 601 3891 omnis
620 3828 758 3915 justitiae
782 3828 857 3891 ordo
880 3827 1076 3906 perturbetur.

206 3986 231 3997 .,
329 3932 461 4016 Regalae
492 3944 590 4001 manen
619 3937 814 4017 exceptiones
840 3952 902 3999 non
933 3932 1047 3996 desunt.
1095 3934 1132 3999 Ut
1162 3943 1313 3997 taceamus
1336 3954 1387 4008 ea,
1419 3953 1491 4017 qaae
1519 3938 1562 4000 ad

195 4047 332 4106 neonem
354 4058 417 4103 rem
439 4060 500 4104 non
522 4046 688 4123 pertinent,
719 4040 798 4122 epod
831 4058 935 4107 omnes
959 4049 1085 4113 constat,
1109 4040 1285 4106 sententiam
1307 4045 1422 4106 ratione
1444 4047 1562 4124 peccati

196 4169 257 4214 non
281 4130 412 4212 transire
435 4153 466 4212 ia
489 4169 552 4213 rem
571 4147 745 4236 judicatam.
791 4147 907 4209 Etenim
931 4146 970 4208 ad
993 4166 1043 4220 es,
1068 4167 1140 4230 quae
1155 4146 1240 4212 salva
1263 4153 1446 4215 conscicntia
1468 4170 1562 4232 prae-

198 4266 280 4322 stare
301 4275 360 4319 non
384 4265 501 4338 potest,
530 4276 618 4320 neme
640 4254 807 4336 obligatur:
834 4258 926 4334 igitur
948 4260 1096 4318 sententia
1114 4256 1227 4341 judicis
1249 4257 1386 4334 bomani,
1416 4267 1563 4338 quatenus

196 4363 372 4453 injustitiam
386 4369 518 4428 continet
530 4370 659 4446 partium
673 4380 822 4426 consensu
835 4359 1085 4441 irremissibilem,
1093 4360 1146 4448 jus
1158 4363 1563 4447 interpertesiacerenequit

197 4480 227 4536 et
237 4472 470 4557 quandocunque
480 4470 628 4551 probatur,
640 4468 720 4552 quod
731 4476 886 4550 peecatum
898 4473 1008 4532 nutriet
1020 4473 1150 4551 partiam
1161 4486 1311 4531 consensu
1321 4470 1487 4561 pubetenus
1498 4476 1564 4534 im-

196 4574 385 4662 pediendum.
401 4558 536 4641 revocari
549 4576 647 4643 debet.
670 4576 737 4639 Hoc
754 4594 959 4661 nonnunquam
977 4574 1248 4647 catenationibus,
1272 4581 1402 4640 maxime
1413 4586 1510 4640 autom
1527 4579 1561 4642 in

198 4683 464 4747 matrimonialibus
480 4683 597 4745 caussis
612 4680 710 4743 locum
727 4681 786 4746 sibi
800 4682 947 4745 vindicat:
973 4686 1082 4764 quippe
1099 4683 1318 4745 matrimonium
1336 4683 1415 4746 baud
1430 4689 1562 4765 partium

199 4787 309 4870 pactis,
343 4787 397 4851 sed
419 4786 477 4853 Del
507 4778 712 4850 et'llcclesiaa
734 4790 850 4871 legibus
873 4789 1002 4869 regitur,
1034 4790 1181 4853 sententia
1204 4797 1300 4851 autem
1320 4788 1433 4877 judicis
1457 4810 1563 4861 errore

202 4890 283 4956 ducti
312 4910 368 4963 nee
396 4884 429 4963 ut'
455 4892 589 4979 legitima
612 4899 756 4958 contracti
778 4892 929 4958 vinculum
953 4894 1144 4977 dissolvatur,
1176 4914 1230 4959 nec
1253 4904 1285 4959 ut
1308 4906 1407 4963 cesset
1429 4898 1564 4980 impedi-
