3346 5216
887 256 916 323 b·
942 258 1018 323 222.

418 370 498 443 lieo,
522 365 548 430 sl
570 362 888 447 postulet,·petitionis
909 362 947 424 ab
971 372 1071 425 sutore
1093 361 1206 443 scripto
1229 367 1398 443 propositae
1420 365 1469 427 vei
1491 383 1550 426 ae-

352 468 459 529 torum,
484 461 515 518 in
538 476 612 539 quae
635 461 774 516 oretenus
796 452 877 516 iuste
897 451 1018 514 redacta
1041 456 1097 528 sit,
1121 456 1207 531 eopia
1231 450 1407 515 dimittenda
1432 462 1461 514 et
1484 462 1551 516 ter-

351 552 450 609 minus
474 544 666 618 statuendus,
695 542 775 604 intre
804 559 889 622 quem
917 543 1142 622 responsionem
1163 538 1211 603 rel
1235 542 1347 623 seripto
1370 543 1475 604 ederet
1498 540 1546 605 vel

351 640 382 697 in
414 643 479 697 aeta
508 632 702 714 redigendam
730 634 800 692 vive
828 648 901 692 vose
929 629 1078 693 exhibeat.
1131 627 1217 693 ulus
1252 635 1452 712 separationis
1476 651 1551 712 pro-

351 722 529 787 nuntiandae
551 721 657 804 petitio
681 723 739 801 ipsi
762 717 951 800 praelegatur
979 728 1009 781 et
1032 737 1105 802 quse
1127 717 1164 782 ad
1188 731 1272 781 sset
1295 718 1450 803 conjugale
1471 724 1551 782 vitae

352 816 560 876 commercium
583 809 724 874 tuendum
748 810 865 881 alienet,
896 813 926 869 in
950 816 1015 869 seta
1038 807 1220 889 redigantur.

888 1130 918 1197 b·
941 1133 1018 1196 22u

188 1239 332 1291 Processu·
414 1237 601 1301 Admittendi
624 1246 694 1300 eunt
715 1244 823 1312 testes,
847 1237 953 1318 quibus
975 1256 1018 1307 ee,
1042 1244 1146 1298 eontra
1169 1254 1254 1317 quum
1278 1232 1443 1318 deponunt,
1474 1258 1549 1319 pers

204 1317 330 1413 ll⁰b“‘?'
348 1333 544 1410 exceptiones
572 1324 649 1389 baud
680 1326 814 1406 obgerit,
846 1327 903 1387 etsi
934 1324 1053 1388 aliunde
1079 1344 1136 1406 que
1166 1329 1299 1407 suspecti
1332 1325 1380 1391 vel
1402 1327 1550 1391 inhabiles

216 1454 318 1509 ΜΨ,
349 1415 455 1500 repelli
477 1416 629 1481 deberent.

879 1538 908 1605 S.
940 1543 1016 1604 224.

414 1641 542 1725 Quando
563 1646 746 1710 domieilium
769 1647 891 1708 testium
922 1644 959 1707 ab
985 1644 1190 1725 inquisitionis
1209 1645 1276 1708 loeo
1299 1646 1472 1710 nouorum
1494 1646 1548 1710 di-

344 1748 418 1808 stet,
442 1735 480 1799 ad
502 1754 604 1798 eorum
628 1752 754 1797 examen
775 1733 858 1811 loeo,
893 1753 951 1814 quo
973 1731 1094 1797 fecilius
1116 1752 1149 1795 se
1172 1734 1306 1797 eonierre
1329 1735 1468 1815 possint,
1492 1736 1565 1798 ier-¹

345 1823 524 1888 stituendum
547 1826 611 1896 vir,
642 1832 783 1906 quantum
806 1823 870 1885 fieri
892 1821 1007 1902 possit.
1030 1821 1252 1886 ecclesiasticus
1275 1822 1461 1905 deputandus
1484 1834 1546 1887 est.

345 1909 463 1994 Quodsi
485 1921 575 1979 extra
597 1912 743 1976 dioecesis
764 1909 875 1973 limites
890 1910 1037 1983 habitent,
1062 1910 1207 1993 agendum
1232 1912 1472 1995 eumlipiseopo,
1496 1918 1548 1975 eui

344 2003 478 2081 subsunt,
501 2010 533 2065 ut
555 2002 593 2064 de
615 2019 718 2064 eorum
734 1999 975 2080 depositionibus
997 1999 1197 2083 excipiendis,
1222 2021 1296 2084 quae
1311 2010 1438 2082 oportet,
1462 2021 1545 2066 ceu·

342 2094 457 2154 stituat.
503 2092 622 2167 Testes,
646 2091 695 2173 qui
717 2108 811 2169 prope
834 2090 994 2152 tribunalis
1015 2088 1244 2153 matrimonialis
1268 2090 1370 2154 sedem
1394 2091 1546 2168 habitant,

344 2200 491 2263 nunquam
515 2200 574 2242 non
596 2178 675 2260 apud
699 2176 828 2243 tribunal
853 2176 1070 2243 matrimoniale
1093 2179 1283 2242 exemineudi
1300 2172 1383 2243 sunt.

873 2481 903 2548 b.
926 2484 1002 2547 225.

320 2613 333 2633 =
408 2584 608 2668 Quaestioues
640 2586 773 2668 oonuipit
801 2584 1023 2649 commissarius
1050 2586 1089 2650 ed
1126 2584 1349 2668 inquisitionem
1381 2585 1543 2668 deputetus

341 2680 457 2741 ratione
478 2679 582 2741 habita
603 2685 779 2757 punctorum
803 2679 1109 2757 interrogatoriorum,
1133 2692 1206 2757 quse
1227 2684 1328 2757 partes
1351 2676 1457 2739 forsan
1481 2676 1542 2738 ob-

340 2765 483 2832 tulerunt.
529 2762 637 2846 Quoad
662 2763 871 2850 jusjurandum
903 2764 1021 2828 testium
1051 2764 1247 2827 observentur
1276 2782 1398 2828 normae
1420 2766 1452 2846 §-
1480 2765 1542 2832 162

340 2866 480 2922 statutae.

878 2978 907 3048 8·
932 2981 1008 3043 226.

406 3084 453 3147 Ad
477 3083 678 3169 juramentum
708 3103 727 3147 s
754 3085 884 3148 testibus
914 3082 1122 3166 deponendum
1151 3092 1253 3165 partes
1283 3086 1385 3149 vorari
1413 3083 1540 3159 debent3

340 3182 468 3236 alumen
491 3173 567 3256 quod
591 3192 651 3236 non
674 3182 878 3255 compereant,
902 3172 980 3235 barud
996 3172 1137 3254 impedit,
1161 3174 1317 3256 quominus
1328 3172 1539 3259 jusjurandum

341 3264 517 3345 excipietur.
568 3261 708 3326 Partibus
736 3282 797 3325 non
824 3259 896 3325 lieet
924 3261 1055 3324 examini
1079 3263 1197 3325 testium
1221 3262 1344 3342 edesse,
1373 3273 1457 3346 etque
1480 3261 1541 3324 de-

341 3352 524 3434 positiones,
546 3361 704 3435 entequam
727 3367 854 3414 examen
871 3352 1062 3414 terminatum
1076 3356 1131 3432 sit,
1154 3348 1303 3433 publicari
1325 3351 1403 3415 lmud
1419 3353 1540 3416 debent.

872 3564 903 3646 §-
928 3568 1005 3631 22⁷.

192 3676 331 3740 uquuiuo
409 3670 464 3733 Rei
494 3674 594 3750 periti,
622 3689 744 3752 quorum
775 3667 941 3734 consultum
975 3674 1172 3734 neeesserium
1194 3670 1296 3736 forsan
1319 3676 1374 3751 sit,
1406 3692 1424 3735 e
1452 3691 1543 3735 eorn-

181 3760 233 3810 W
241 3752 481 3822 rdet-missario
504 3759 541 3823 ed
564 3759 771 3842 inquirendum
795 3760 935 3840 deputato
958 3757 1104 3841 seligendi
1127 3769 1215 3837 sunt,
1244 3761 1282 3824 de
1312 3761 1541 3843 exceptionibus

181 3821 387 3943 “ffeffl'eis
417 3852 564 3931 oppositis
596 3846 726 3912 tribunal
757 3848 974 3912 metrimoniale
1004 3849 1147 3914 desernit.
1196 3848 1415 3935 Jusjurandum
1447 3869 1465 3912 a
1494 3856 1542 3913 rei

306 3929 314 3946 '
341 3938 447 4020 peritis
471 3939 555 4018 exigi
577 3936 682 4011 debet,
715 3937 776 4003 nisi
794 3937 966 4024 juramento
988 3942 1020 4001 in
1041 3958 1162 4003 munere
1184 3939 1321 4003 adeundo
1344 3939 1482 4023 deposito
1506 3959 1542 4002 se

341 4026 380 4090 ad
401 4031 556 4092 veritatem
578 4028 610 4090 in
632 4020 776 4091 consutis
797 4027 905 4092 dandis
929 4036 1031 4093 senete
1053 4026 1230 4095 servendum
1251 4029 1481 4094 obstrinxeriut.

881 4243 911 4322 §.
934 4242 1010 4309 228.

203 4357 322 4409 Pmueuo
410 4334 469 4408 Per
490 4345 708 4427 depositionem
731 4347 913 4410 eoniormem
940 4346 1066 4412 duorum
1096 4353 1216 4414 testium
1236 4348 1403 4435 juratorum
1426 4358 1456 4415 et
1478 4349 1540 4416 lide

188 4437 268 4497 piene
285 4432 535 4518 retundequaqae
557 4435 732 4517 dignorum3
755 4454 810 4498 neo
832 4452 893 4499 non
916 4456 972 4518 per
993 4438 1158 4502 consultum
1173 4440 1324 4503 molesme
1345 4439 1469 4504 duorum
1491 4443 1538 4504 rei

180 4510 522 4638 ff‘sszrffffisperimrum,
547 4527 605 4627 'qui
633 4524 775 4587 scientiae
801 4522 866 4629 jorn
890 4525 1065 4632 documenta
1087 4530 1292 4631 praestiterint
1313 4539 1344 4591 et
1365 4550 1385 4592 s
1407 4534 1539 4634 portium

180 4646 332 4699 ,mmm
345 4612 445 4676 studio
467 4614 557 4675 aliem
578 4616 656 4690 sint,
679 4629 714 4673 ae
734 4622 901 4694 respeeuve
918 4622 1025 4698 jurati,
1047 4616 1174 4697 witini,
1196 4635 1276 4681 ceree
1295 4618 1373 4701 quod
1388 4619 1539 4702 depositio

345 4697 395 4763 vel
418 4699 583 4767 oonsultun
604 4707 752 4780 versetur,
772 4699 862 4783 plene
886 4702 1041 4784 probetm.
