3346 5216
188 164 243 245 tu

183 360 255 443 fuit
277 378 317 423 ea
340 362 434 440 porte
462 357 541 423 cleri
566 353 812 441 Aepeupotiunt
840 350 894 440 1),
931 354 984 419 sed
1006 355 1077 440 quid
1099 366 1187 439 putas
1217 378 1235 420 a
1264 358 1296 420 d.
1329 357 1378 423 ib·
1395 355 1430 425 c.
1451 358 1547 422 luisse

187 470 389 550 responsum?
425 464 615 549 Numquidne
636 464 719 529 forse
740 482 809 526 sum
830 458 913 545 leges
935 461 1088 545 obligandi
1109 464 1141 525 vi
1162 461 1323 526 declarabit
1349 483 1412 528 esse
1443 462 1544 527 desti-

187 582 275 641 tutas.
320 568 409 654 Quod
440 583 520 636 certe
548 589 625 649 non,
654 573 712 633 nisi
742 569 884 635 relidcari
915 560 1074 641 manifesto
1102 570 1246 633 voluisset
1267 571 1321 647 iis,
1352 571 1402 653 qui
1424 569 1548 636 abacti

186 679 284 745 solum
301 683 429 763 propter
450 682 532 743 iram
554 673 782 742 sollemnibus
807 676 1013 757 potestatibus
1039 680 1200 742 reee‘etuot·
1246 675 1465 758 Affirocatioc,
1492 694 1547 741 re-

188 788 302 852 scribat
329 789 423 870 igitur
452 805 577 850 necesse
605 793 663 851 est.
713 785 771 847 Ast
800 781 877 847 illud
906 783 1098 864 offensatioue
1128 793 1212 848 estne
1235 781 1459 864 intelligendum
1483 783 1545 848 ol*

186 889 287 959 mute
303 896 440 976 omnique
455 891 584 957 solutum
599 890 796 961 restrictione.
820 910 859 952 an
877 910 949 953 vero
964 888 1118 954 nonnullis
1133 892 1281 974 affectum
1295 888 1546 955 cmdilt'ontluel

187 1001 246 1066 seu
269 1000 347 1086 quod
374 1001 453 1065 idem
475 1009 535 1073 est,
568 998 744 1062 decernetne
767 996 985 1079 congregatio,
1016 1014 1199 1080 quoscunque
1228 986 1356 1061 dmretis
1379 998 1548 1061 contrarias

186 1107 386 1191 adiciamque
414 1102 638 1188 panniculatim
667 1103 857 1168 ecelesiarum
888 1103 1119 1167 consuetudines
1148 1106 1236 1168 etiam
1259 1105 1297 1168 ab
1319 1100 1549 1167 immemorabili

186 1213 322 1297 rigentes
344 1232 400 1296 per
423 1212 543 1275 decreta
565 1212 670 1293 ubique
693 1209 803 1275 aboleri
827 1228 861 1273 eo
884 1213 967 1290 epto,
996 1208 1075 1293 quod
1096 1211 1140 1272 iia
1162 1214 1237 1274 ιιιιιι
1257 1212 1441 1292 oppositae?
1459 1210 1549 1275 ''Hcc

185 1319 286 1405 atique
315 1318 462 1392 diliniret.
493 1321 522 1382 si
551 1318 649 1400 ipsius
672 1336 756 1381 mens
780 1315 840 1379 elia
861 1317 899 1379 ab
922 1336 958 1379 oo
981 1326 1078 1394 esset,
1102 1336 1188 1400 quam
1210 1336 1267 1381 nos
1288 1315 1493 1394 defendimus,
1516 1319 1547 1380 ιΙ

185 1424 368 1492 universales
390 1444 508 1507 semper
529 1434 559 1487 et
581 1425 640 1486 toti
660 1422 771 1487 Christi
795 1424 940 1487 ecclesiae
961 1419 1046 1506 leges
1068 1425 1294 1504 praescriberet.
1340 1424 1452 1487 Veram
1475 1425 1546 1505 ipsa

186 1552 318 1599 wmmee
345 1533 510 1615 sapientiae
538 1531 626 1595 docta
656 1530 770 1594 artibus
800 1531 935 1594 invectos
962 1528 1091 1594 decretis
1114 1532 1270 1612 oppositos
1292 1549 1362 1593 usas
1383 1529 1549 1613 prudenter

184 1636 270 1706 notit
300 1658 366 1703 cum
397 1639 591 1704 Decretcrum
620 1637 801 1719 obligatione
830 1637 874 1699 ita
903 1652 1103 1718 componere,
1133 1647 1165 1700 ιιι
1191 1647 1221 1702 et
1252 1641 1431 1700 inconcusse
1454 1634 1546 1700 simul

186 1765 307 1812 merum
337 1755 432 1810 staret
460 1744 559 1828 legum
583 1744 710 1808 inmites
738 1751 769 1805 et
792 1743 1010 1806 contrariorum
1033 1762 1137 1806 muom
1159 1743 1259 1808 debita
1280 1752 1453 1807 servuetrn
1474 1759 1550 1806 aoc-

186 1855 303 1923 toritea
362 1855 459 1935 Atque
486 1851 554 1914 irinc
570 1869 572 1873 ’
586 1858 650 1921 est,
683 1849 761 1936 quod
792 1868 856 1911 eam
887 1849 942 1911 sub
974 1856 1023 1916 11.
1055 1849 1219 1931 Septembr.
1251 1855 1335 1916 1847
1374 1850 1417 1912 otl
1445 1851 1486 1911 10
1515 1852 1550 1913 in

184 1957 330 2044 sepem.
354 1960 532 2041 rescripisse
554 1953 699 2038 legimus!
720 1955 953 2035 ,arietantium
975 1955 1031 2019 eerl
1044 1956 1262 2021 recurrendum
1275 1958 1311 2019 io
1322 1952 1548 2038 particulari-‘⁶

184 2068 232 2133 lle
248 2086 334 2149 quam
350 2084 423 2147 ergo
438 2064 585 2127 intectam
602 2059 846 2125 consuetudinem
868 2061 938 2125 ideo
954 2063 1130 2145 simpliciter
1140 2061 1218 2127 velis
1233 2081 1327 2144 penes
1340 2072 1370 2127 te
1393 2060 1549 2140 abolitam,

185 2171 263 2253 qnod
294 2172 345 2235 uni
374 2170 498 2233 alterive
528 2166 590 2231 lato
619 2187 676 2249 pro
702 2164 762 2230 alio
785 2169 853 2231 loco
876 2168 998 2233 decreto
1028 2169 1069 2234 sit
1092 2171 1260 2250 cantuum
1291 2171 1319 2232 si
1349 2179 1448 2234 tamen
1469 2170 1550 2233 reiis

185 2294 225 2341 ex
248 2288 348 2342 mente
370 2278 573 2340 Romanorum
596 2274 717 2337 Petrum
740 2294 851 2369 agere,
870 2273 958 2339 Prius
974 2296 1100 2358 namque
1122 2276 1337 2341 amaeam
1364 2275 1424 2339 tili
1442 2278 1492 2339 eet
1514 2277 1550 2339 ιἰι

181 2380 378 2465 particulari
390 2379 434 2465 ²),
459 2383 487 2445 si
510 2379 579 2464 quid
602 2379 662 2444 tale
686 2379 764 2462 quod
779 2401 834 2443 nso
850 2390 897 2445 est
915 2384 1126 2461 introductum,
1148 2381 1224 2447 velie
1239 2405 1256 2448 e
1272 2383 1371 2448 medio
1388 2382 1549 2447 sublatum.

320 2496 373 2558 28.
397 2489 456 2552 Sed
479 2488 611 2573 quando,
634 2488 762 2569 inquies,
786 2490 842 2551 erit
864 2489 1099 2552 recurrendum?
1128 2484 1255 2569 Quando
1278 2508 1383 2553 sacrae
1405 2489 1550 2572 congre-

185 2597 300 2678 gationi
322 2594 548 2680 proponendum
570 2592 714 2659 dubium?
739 2589 866 2674 Quando
888 2614 928 2659 ex
949 2598 1018 2677 ipsa
1039 2595 1198 2677 petendum
1220 2599 1422 2697 rqpoosnmi
1459 2596 1549 2661 Tunc

184 2703 290 2770 acad
312 2702 582 2786 Congregationem
597 2719 751 2779 recurres,
774 2702 891 2784 quando
913 2702 1065 2766 suliciens
1089 2711 1119 2766 et
1132 2703 1320 2767 rationabilis
1344 2720 1435 2766 cause
1455 2711 1486 2766 te
1509 2703 1551 2767 ad

185 2828 338 2875 maumam
360 2806 516 2892 impellet3
539 2819 608 2871 tuno
631 2809 690 2871 erit
711 2809 768 2871 tibi
790 2827 829 2873 ex
852 2808 997 2872 Romanis
1020 2808 1170 2872 decretum
1182 2807 1405 2891 postulandum,
1430 2806 1552 2893 quando

184 2939 213 2982 r.
236 2938 268 3001 g.
290 2914 375 2982 nulla
395 2917 456 2979 alia
476 2923 559 2997 patet
581 2916 630 2979 via
651 2913 821 2999 nullumque
839 2925 996 2998 praeterea
1017 2921 1138 2997 prostat
1159 2916 1288 2981 mediam
1311 2914 1349 2980 ad
1371 2927 1485 2981 motm
1508 2916 1548 2980 de

185 3025 284 3107 aliqua
311 3045 344 3087 re
373 3020 456 3087 litem
479 3018 638 3085 finiendam
661 3030 856 3105 exortumque
877 3020 1075 3085 dirimendam
1099 3024 1351 3103 controversiam,
1385 3022 1551 3087 ueletiam

187 3130 306 3214 quando
329 3129 527 3210 disceptatur,
550 3136 648 3191 utrum
671 3136 836 3209 temporum
859 3130 1100 3192 circumstantiae
1121 3129 1153 3191 in
1176 3134 1413 3211 praesentiorem
1430 3148 1548 3213 quoqne

184 3233 263 3299 hunc
289 3236 338 3298 vel
359 3232 444 3297 illam
467 3252 552 3296 usum
575 3232 671 3297 adbuc
692 3237 884 3316 permittant,
915 3255 1000 3318 quem
1023 3233 1156 3320 Majores
1179 3237 1309 3300 maxime
1332 3234 1463 3301 idalium
1485 3236 1548 3300 de-
1665 3290 1671 3297 .

188 3342 305 3405 notioni
334 3360 399 3403 esse
432 3340 596 3422 proficuum
624 3359 680 3403 suo
708 3348 843 3423 tempore
869 3341 1053 3428 judicarunt.
1098 3341 1238 3406 Attamen
1258 3343 1400 3407 amodum
1422 3344 1548 3407 interint
1665 3380 1670 3401 ι

184 3445 394 3511 consuetudini
416 3454 480 3524 est,
513 3467 603 3529 usque
626 3446 695 3509 dum
716 3444 767 3509 uel
787 3446 987 3530 Congregatio
1010 3446 1215 3528 declaraverit,
1237 3450 1329 3514 modo
1351 3460 1432 3514 tuem
1456 3450 1550 3514 otiam

185 3554 348 3619 dioecesim
377 3555 439 3618 lats
460 3552 524 3635 lege
547 3551 758 3635 comprehendi
782 3550 812 3631 8)
840 3552 889 3618 cel
909 3574 973 3618 eam
996 3554 1174 3621 Ordinarius
1201 3555 1258 3619 eui
1280 3556 1395 3620 deditis
1412 3557 1543 3637 forms,

185 3670 332 3727 amuente
359 3660 518 3737 Pontinas,
551 3664 584 3723 in
618 3664 745 3741 propria
772 3661 885 3727 ditione
914 3659 1101 3745 promulgari
1128 3665 1401 3748 promulgatamque
1427 3665 1548 3729 serrari
1660 3716 1665 3723 .

181 3766 319 3856 jusserit.
363 3769 413 3831 Ex
446 3767 550 3849 quibus
580 3764 754 3831 alterutrum
781 3772 810 3832 st
838 3769 949 3833 sactum
978 3770 1083 3847 inerit,
1112 3768 1256 3852 imposita
1284 3780 1316 3835 et
1336 3771 1393 3835 tibi
1414 3768 1466 3834 lex
1489 3780 1550 3848 est,

184 3879 421 3958 purissimoque
443 3878 557 3938 teneris
579 3871 723 3956 ligamine
744 3875 782 3938 ad
805 3875 1009 3958 exequendum
1032 3874 1368 3942 tmtmaitauonutcu
1385 3875 1548 3964 judicium.

184 3982 252 4045 stat
281 4001 354 4062 erqo
383 3981 462 4062 quod
491 3985 579 4045 initio
610 3986 796 4063 suscepimus
825 3981 1106 4056 demonstrandum.
1139 3988 1280 4049 ntuunn
1304 3992 1477 4067 comparata
1499 3986 1549 4048 sio
1671 4039 1672 4044 ,

183 4106 254 4151 esse
276 4087 308 4153 d.
330 4088 366 4154 R.
391 4085 426 4151 G.
449 4087 577 4160 decreta,
602 4096 633 4151 ιιι
655 4097 829 4171 argumenta
849 4090 1040 4170 suppeditent
1063 4100 1093 4155 et
1114 4109 1237 4155 numero
1260 4091 1389 4173 plurima
1410 4100 1441 4154 et
1461 4109 1550 4172 pcn-
1669 4131 1670 4134 =

184 4192 256 4258 dere
277 4197 475 4277 gravissimu,
500 4195 606 4277 quibus
629 4199 719 4259 etiam
741 4196 906 4259 conminus
919 4197 1087 4280 ⁴pugnando
1110 4202 1263 4263 evincatur
1284 4200 1418 4281 egregie,
1442 4194 1548 4262 nulla-
1662 4251 1670 4258 .,

184 4307 272 4365 unns
293 4306 415 4384 assequi
429 4301 550 4365 Patrtun
564 4310 703 4375 mentem,
726 4307 889 4385 quicunque
904 4308 1006 4367 omnia
1018 4308 1153 4387 ipsorum
1169 4304 1280 4387 placite
1294 4305 1393 4368 ubivis
1408 4305 1548 4368 locorum
1663 4343 1664 4346 =

183 4406 254 4471 ideo
275 4405 387 4471 uellent
409 4406 598 4490 promulgata
629 4417 658 4470 et
680 4413 710 4470 tn
731 4414 821 4490 praxi
843 4420 976 4485 servata,
999 4410 1078 4494 quod
1101 4430 1119 4474 a
1141 4430 1258 4476 summa
1279 4416 1457 4476 auctoritate
1480 4415 1549 4475 stnt

184 4514 330 4594 proiecta.
381 4512 529 4578 Feruntur
558 4519 657 4599 utique
685 4533 705 4577 a
732 4518 807 4577 rma
838 4515 911 4581 baec
935 4517 1067 4605 judicia,
1099 4519 1206 4602 quibus
1236 4526 1266 4582 et
1291 4516 1345 4605 jus
1375 4518 1549 4583 arbitrandi

240 4773 265 4842 ¹)
287 4776 414 4830 macuta
431 4782 460 4831 tn
476 4782 599 4840 americo
616 4784 709 4836 ltertd.

239 4860 265 4927 ι)
289 4863 362 4915 Licet
378 4866 457 4919 letum
471 4870 527 4930 tan
546 4883 593 4934 pro
612 4874 664 4925 elta
681 4874 796 4925 diesem
813 4876 850 4928 ιιι
866 4876 1027 4927 contrarium
1045 4876 1226 4929 consuetudini
1245 4872 1389 4931 desuetum

239 4949 264 5018 ¹)
288 4952 316 5004 si
333 4960 422 5007 temen
438 4959 612 5020 particulare
629 4975 661 5015 ex
672 4973 722 5015 ιιι
735 4964 840 5031 origine
850 4964 987 5019 decumum
1000 4969 1052 5036 eet,
1072 4966 1143 5032 qued
1153 4964 1261 5028 metm
1271 4967 1388 5033 potitum
1399 4958 1547 5019 taenea
