3402 5220
434 350 478 416 h..

119 438 154 500 ad
167 437 382 505 incensandum
398 436 579 504 thnribulum
591 439 783 504 thuriferario
804 497 809 504 .

118 549 214 608 statim
229 542 373 622 reddunta
388 548 455 626 ‚ipsi
474 563 545 611 uero
561 548 668 610 iterum
684 565 782 626 genu-

119 651 234 721 flectunt
285 658 493 732 exspectantes
543 652 637 716 donec
680 651 782 718 fideles

117 757 214 840 hymni
239 755 393 839 stropham
416 755 631 839 persolverint.
664 768 695 820 ut
726 757 779 822 iiia

119 864 199 928 inita
222 864 310 928 etiam
338 861 466 926 alterius
495 864 638 947 strophae
661 865 781 942 ‚‚Gem'-
822 939 827 948 ‚

117 971 199 1034 ΙοηἪ
233 974 362 1051 primam
393 966 592 1050 versiculum,
629 989 689 1034 non
714 969 778 1056 jam
887 1023 891 1030 .

116 1074 197 1142 solue
227 1075 396 1148 celebrans,
428 1076 481 1144 sed
514 1096 617 1140 omues
648 1081 779 1142 ministri

116 1182 201 1246 simul
225 1190 342 1247 cantmt
368 1193 564 1266 prosequente
586 1187 692 1246 iterum
716 1205 778 1265 po-

116 1291 189 1372 polo
206 1308 300 1370 umque
320 1289 359 1351 ad
381 1287 447 1373 ejus
462 1290 562 1353 inem.
607 1287 687 1352 Inter
702 1289 778 1354 hanc

116 1394 266 1478 stropham
292 1399 464 1460 incensatur
486 1385 530 1458 ss.
549 1405 781 1476 sacramentum.¹

113 1501 260 1584 Hymnum
290 1501 404 1584 excipit
442 1501 538 1564 dictus
569 1502 606 1565 ab
642 1503 777 1568 omnibus

112 1609 294 1672 versiculus:
318 1609 456 1682 „Panem
471 1607 510 1673 dc
526 1605 622 1672 coel.“
645 1627 777 1691 respon·
817 1644 819 1650 .

113 1716 182 1778 dent
212 1713 416 1778 multitudine:
454 1711 568 1788 „Omne
596 1701 800 1778 delectam!

111 1823 212 1911 Surgit
251 1821 391 1887 sacerdos
430 1818 568 1903 dictaque
605 1830 776 1895 „creaaua“

112 1931 222 2011 absque
235 1915 403 2014 praemisso]
418 1924 591 2005 ‚staminas
600 1927 776 1994 cohiscum“

111 2040 276 2100 orationem
292 2034 329 2098 de
344 2054 418 2099 smo.
432 2042 633 2098 suammentoc
656 2033 775 2110 „Deua

108 2144 164 2226 puc'
184 2139 291 2206 nudis“
322 2142 430 2204 festivo
461 2150 534 2204 tono
565 2150 594 2204 et
622 2142 678 2204 sub
700 2142 774 2205 bre-

109 2251 185 2330 viori
202 2249 407 2312 conclusione:
431 2247 507 2332 „ch
519 2247 602 2320 cisia
616 2250 649 2312 et
662 2266 774 2331 repncs

107 2357 140 2420 e'n
164 2351 287 2422 sacculo
306 2350 520 2418 saeculcrcm“
542 2363 649 2418 cantat
696 2355 772 2420 Tum

107 2471 229 2544 accepto
252 2459 318 2524 veho
332 2461 477 2524 humerali
501 2480 567 2524 cum
583 2459 696 2525 duuobos
711 2467 772 2524 nni·-

107 2571 212 2633 nistris
235 2567 372 2632 ascendit
402 2568 439 2630 ad
469 2567 697 2650 suppedaneum*
720 2587 772 2632 seu

108 2673 270 2759 pradellam
301 2693 359 2738 uuna
390 2695 454 2736 cum
485 2672 547 2736 illis
571 2673 698 2737 debitam
721 2695 774 2737 re·

106 2783 267 2846 carentiam
316 2782 529 2863 prostrationis
576 2780 773 2849 exhibiturus.

104 2891 150 2954 Dc
187 2907 276 2952 manu
309 2887 433 2950 alterius
465 2885 630 2950 sacerdotis
666 2890 776 2970 accipit

108 2995 194 3080 (cum
226 2995 302 3057 iacie
336 3013 439 3058 uersus
471 2994 507 3057 ad
531 2993 633 3056 hiare
662 2997 694 3056 ei
716 3013 773 3059 aaa

103 3121 215 3166 ceraue
237 3110 332 3165 ochrae
355 3097 535 3183 Epistulae)
571 3101 772 3165 ostensorium

104 3214 259 3292 crucisque
290 3211 378 3290 signo
406 3228 497 3289 super
525 3209 663 3289 populum
684 3207 772 3292 juxta

101 3317 185 3399 leges
213 3313 238 3394 ¹)
271 3316 418 3397 producto
447 3315 604 3396 perficiens
628 3311 772 3378 circulum

107 3417 188 3486 sicut
210 3423 247 3488 ad
264 3425 382 3502 „Orate
399 3420 550 3486 Fratrea“
572 3441 603 3484 sc
623 3426 713 3484 vertit
735 3423 772 3485 ad

102 3529 201 3594 altare
223 3549 276 3612 pen
298 3529 400 3592 Cornu
430 3529 575 3610 evangeiii
598 3548 642 3590 ss.
666 3548 772 3591 sacra-

101 3646 236 3702 mentum
261 3656 352 3718 super
375 3635 539 3716 Corporale
561 3631 769 3698 collocaturus.

101 3748 252 3825 Deposito
274 3744 343 3806 vein
366 3741 510 3806 buamernli
531 3741 563 3802 in
578 3740 769 3822 suppedaneo

101 3857 172 3932 ipso
195 3849 309 3913 medius
332 3851 410 3913 inter
442 3849 594 3912 ministros
617 3847 768 3910 descendit

99 3966 321 4021 sacramentnm
338 3957 433 4022 denuc
450 3961 598 4033 incensat3
615 3967 685 4035 post
697 3974 769 4037 quae

97 4062 181 4127 aiter
203 4065 343 4128 sacerdos
357 4061 430 4126 iliud
453 4067 486 4125 in
504 4061 693 4126 tabernaculo
716 4081 770 4124 re-

96 4170 205 4234 cludit.

235 4282 287 4342 tu.
311 4277 411 4340 Finem
436 4277 504 4341 huic
520 4275 917 4354 nostrode'eereponucram
935 4275 1073 4362 cctclcpo
1095 4277 1190 4340 iacere
1204 4279 1368 4359 nequimus.
1393 4283 1464 4363 quin

95 4383 209 4448 leviter·
233 4385 339 4448 saitem
362 4384 483 4446 modum
515 4383 712 4465 attingamus,
751 4401 822 4475 quo·
837 4401 987 4462 exponere
1018 4385 1237 4448 sanctissimum
1268 4385 1462 4450 eucharistiae

92 4469 318 4556 conmmeatum
339 4491 372 4551 e’n
393 4490 510 4571 ppet‘de
531 4485 679 4556 inclutum
700 4488 783 4551 hisco
807 4469 989 4570 temporibus
1014 4502 1226 4556 consueverunt
1250 4510 1335 4574 qurum
1358 4490 1461 4572 plures

94 4600 226 4660 omnino
249 4615 287 4659 en
310 4597 423 4659 nostris
443 4597 586 4660 ecclesiae
601 4594 777 4672 rectoribus,
796 4603 857 4657 tum
880 4597 967 4658 ctiam
983 4597 1040 4678 ipsi
1049 4598 1175 4660 Romani
1197 4598 1368 4662 sacerdotes
1385 4598 1461 4662 iidc-

92 4703 182 4766 iibus
205 4721 271 4764 cum
292 4721 378 4767 sacro
406 4702 519 4766 ciborio
548 4702 782 4766 benedictionem
809 4706 950 4783 privatim
974 4702 1216 4784 impertientibus.
1264 4705 1368 4768 Obiter
1389 4723 1460 4788 ergo

92 4811 159 4874 buc
198 4810 338 4872 facientia
367 4808 505 4892 liturgica
539 4807 612 4894 jura
637 4813 883 4890 ¹perstringentes
920 4809 1048 4872 strictim
1080 4809 1357 4890 animadvertimus,
1393 4811 1461 4878 dis-

135 4959 168 5024 ¹)
185 4961 308 5012 caeram.
326 4960 414 5022 Epiro.
434 4959 454 5008 1.
471 4959 497 5015 2·
514 4971 536 5010 o.
553 4959 599 5010 ³8·
618 4971 645 5013 c.
661 4954 707 5012 2'1.¹
