3400 5224
24 4488 46 4551 st
163 4494 192 4562 ²)
210 4500 249 4553 18.
270 4503 332 4554 oea.
353 4506 428 4557 1779.

1435 81 1514 155 ste

154 363 265 429 tincta
285 363 450 427 merorum
469 275 652 427 hhlenrne'um
675 382 696 424 n
718 363 818 423 mune
850 354 919 421 dolo
942 379 960 420 a
982 274 1238 427 tourtiniciohe‘s
1258 361 1424 442 adducitur,
1448 380 1513 427 cum

153 467 353 545 solemnibus,
374 489 426 531 seu
441 469 478 532 ab
494 469 543 541 iis,
569 490 642 551 quaa
658 476 819 533 cantantur
848 462 885 525 ad
898 475 1085 546 praesentem
1102 469 1336 535 controversiam
1352 492 1388 537 ne
1401 480 1514 534 remote

153 577 286 663 quidem,
316 577 368 639 sed
401 577 512 663 absque
542 576 691 639 ministris
722 579 818 636 sacris
850 569 966 652 quidem
988 584 1113 654 spectet.
1154 576 1388 659 stannumque
1412 580 1514 643 Puri-

153 692 183 745 et
206 681 312 749 altaris
335 682 455 749 chorico
472 686 685 746 incensatione.
722 682 818 767 Atque
844 678 1022 754 ficationem
1043 701 1103 745 nnn
1122 700 1214 761 pocae
1230 682 1397 747 rescribunt
1413 684 1515 748 l’atres

153 790 222 853 hinc
245 791 356 854 factam
379 799 441 861 est,
467 799 497 852 ut
519 810 666 877 nunquam
690 794 817 870 permit·
849 782 1210 873 ConqrepationlMoulia
1225 787 1361 853 Coronae
1374 793 1407 855 ln
1423 793 1515 857 missa

153 905 261 979 tarent,
278 905 309 961 ut
324 902 422 965 minus
437 897 600 963 solemnem
616 898 720 960 rolens
736 896 818 957 ceie-
849 891 1055 959 Conuentuoii
1082 896 1200 959 dierum
1226 894 1414 974 salomonum,
1444 919 1516 984 quae

153 1002 241 1075 brare
271 1024 306 1067 ea
337 1003 502 1075 adhiberet,
541 1025 614 1087 quae
644 1001 818 1065 solemniori
849 997 1022 1075 Aesone
1044 1001 1189 1066 centra
1207 1023 1242 1093 ac
1263 1005 1417 1069 minatae
1432 1002 1517 1070 cele-

152 1119 221 1173 sunt
243 1114 378 1193 proprie,
402 1120 473 1191 puta
496 1110 769 1190 thuniicnla‘oaem5
792 1114 818 1170 si
849 1105 963 1171 breina.
988 1105 1048 1188 Qui
1064 1130 1137 1193 ergo
1149 1111 1303 1174 desumere
1311 1122 1516 1193 argumentum

151 1220 230 1280 enim
253 1215 422 1281 thurificare
442 1218 522 1291 velit,
546 1217 698 1281 adsciscat
714 1236 818 1279 sacros
851 1234 889 1277 ex
911 1216 967 1277 hoc
990 1216 1109 1280 decreto
1132 1200 1236 1281 volunt
1259 1219 1296 1282 ad
1319 1219 1515 1299 probandum,

151 1326 325 1402 misistros,
340 1325 397 1405 qui
412 1323 447 1386 oh
459 1345 599 1407 magnum
612 1325 819 1388 minebirornnr
849 1341 909 1406 nou
926 1319 1016 1385 licere
1032 1322 1276 1389 thurificationem
1296 1326 1439 1408 „qnando
1455 1347 1516 1393 cn-

151 1430 270 1511 eepiom
298 1441 403 1513 presto
432 1452 553 1515 sernpar
582 1441 662 1495 sumt.
708 1431 819 1494 Marito
849 1429 936 1492 nitur
950 1430 1068 1491 miesn“
1091 1449 1151 1493 non
1166 1432 1325 1497 admodum
1349 1453 1385 1496 se
1405 1455 1424 1498 a
1441 1452 1516 1498 can-

151 1541 246 1619 lgitur
263 1518 355 1619 ¹plura
376 1516 494 1600 decreta
520 1539 558 1602 ad
581 1537 720 1602 tuendam
743 1538 819 1601 hanc
851 1533 923 1599 dore
945 1536 1035 1599 animi
1059 1540 1265 1602 commendare
1287 1539 1444 1606 videntur!
1469 1536 1493 1616 ¹)

151 1644 377 1715 distinctionem
389 1648 502 1709 missae
517 1643 710 1708 solemnioris
724 1666 743 1708 a
757 1649 819 1707 mi·
917 1642 962 1705 De
976 1641 1099 1726 reliquis
1116 1644 1232 1709 duobus
1248 1646 1376 1709 decretis
1398 1655 1516 1728 praeter

151 1770 210 1813 nus
238 1751 365 1815 solemni
393 1751 497 1815 Patres
531 1751 649 1819 edidere
680 1761 740 1814 tum
763 1772 819 1832 pro
851 1767 893 1819 ee,
917 1762 988 1834 quae
1011 1751 1161 1831 disputata
1184 1754 1348 1834 generatim
1370 1753 1401 1815 in
1416 1756 1517 1835 partl-

151 1856 232 1921 Urbe
251 1853 277 1935 ¹)
300 1866 361 1921 tum
397 1879 452 1945 pro
482 1861 635 1925 nonnullis
666 1860 818 1941 religiosis
851 1855 962 1917 calama
990 1857 1021 1918 S.
1045 1857 1082 1921 ll.
1106 1857 1141 1922 C.
1170 1859 1288 1923 decreta
1309 1867 1378 1926 sunt
1400 1856 1430 1940 ²)
1458 1861 1517 1924 dici

150 1961 276 2029 familiis
299 1961 345 2043 ²),
381 1971 412 2029 in
447 1967 553 2048 quibus
585 1965 668 2033 lucili
698 1964 818 2029 omnino
851 1971 880 2023 at
901 1962 975 2026 baec
997 1974 1132 2043 possunt.

150 2069 273 2151 negotio
286 2066 289 2073 '
302 2070 405 2135 haberi
433 2092 550 2155 semper
579 2074 658 2137 sacri
687 2078 818 2137 ministri
917 2068 1075 2150 Proposita
1088 2092 1121 2134 ea
1145 2073 1183 2135 iis
1199 2075 1273 2136 locis
1289 2074 1428 2137 videntur
1442 2074 1517 2136 iisre

149 2184 297 2257 possuni3
329 2179 407 2241 tunde
424 2178 494 2265 jure
516 2186 686 2265 prescripta
709 2183 820 2244 Romae
852 2173 1516 2263 collegliS,lnquhbttssui'llclensmlniflirorum

150 2290 199 2344 ast
211 2283 388 2347 thurificatio
404 2287 436 2348 in
451 2291 553 2351 missis
564 2290 689 2352 cantatis
709 2289 820 2370 absque
852 2284 1517 2360 nunterusadtuniandammisetmsolemnem

150 2390 250 2453 sacris
272 2392 432 2459 ministris.
618 2399 619 2402 ’
852 2391 1516 2476 cumcelehritateuonsolumsupponiturha-

220 2494 254 2578 i)
278 2494 371 2561 Licet
399 2498 597 2564 interdictum
619 2498 733 2563 Romae
760 2519 819 2562 non
852 2496 916 2558 beri
923 2517 1131 2578 posse,verum
1141 2502 1228 2563 etiam
1236 2511 1303 2564 actu
1312 2502 1452 2565 assistere
1463 2521 1517 2563 sa-

151 2601 199 2665 sit
220 2602 352 2668 alterna
374 2604 548 2670 solemnium
577 2608 742 2670 missarum
759 2626 820 2692 pe·
851 2603 1105 2671 cuiclarescens.
1115 2605 1519 2691 DebuitergoS.R.C.juxta

151 2704 224 2785 nne,
245 2712 302 2774 oab
325 2714 425 2775 lamen
449 2710 553 2798 ³)anl
574 2733 611 2777 ne
631 2715 687 2776 ola
701 2713 821 2798 quidem
851 2709 1518 2797 eaqnaaexpositajamsuntatrietalegeve-

149 2811 327 2894 eujusmodi·
365 2820 482 2885 adsone
524 2823 696 2884 cantantur
733 2820 820 2896 olidi,
852 2816 1518 2885 tarethurificationembiscerolentibuscan-

150 2938 245 3013 qttanr
266 2925 301 2987 t’n
320 2920 457 2989 ecclesiis
472 2923 669 3010 regularium,
691 2926 745 2989 udi
761 2946 819 3007 pro
851 2932 915 2985 tere
929 2925 1051 2988 missam
1073 2926 1189 3011 ubsque
1206 2925 1405 3001 celebritate,
1431 2945 1467 2991 ne
1485 2946 1518 2988 se

150 3028 249 3091 aaran
282 3030 466 3113 quotidiano
505 3032 705 3101 conventuali
737 3030 820 3098 cele-
852 3031 992 3095 solemnis
1012 3052 1101 3117 eaque
1124 3034 1319 3116 principalior
1340 3034 1434 3095 missa
1457 3032 1519 3095 oli-

151 3131 273 3199 hrniur.
303 3137 448 3205 Standum
461 3143 555 3222 igitur
569 3150 616 3203 est
631 3139 821 3222 regularibus
852 3156 937 3220 quam
953 3137 1137 3205 discriticam
1156 3140 1272 3224 sibique
1290 3138 1442 3223 propriam
1457 3159 1519 3201 no-

151 3241 250 3326 itsque
272 3245 427 3323 omnibus,
450 3252 499 3332 qni
514 3245 550 3311 ad
568 3245 689 3310 illorum
712 3267 819 3313 exem·
852 3251 911 3305 tam
926 3249 1092 3324 amitteret3
1109 3252 1136 3309 si
1151 3247 1229 3310 enim
1238 3232 1406 3311 unornane
1414 3243 1519 3308 volunt

151 3342 236 3429 plum
259 3353 358 3417 minus
381 3348 531 3415 solemnes
561 3359 669 3429 missas
699 3362 819 3421 cantant
851 3349 1009 3431 adhibeant
1031 3362 1061 3416 at
1081 3353 1243 3427 ministros,
1267 3357 1317 3440 qui
1331 3372 1440 3436 magno
1459 3372 1518 3415 nu-

152 3461 215 3517 tum
241 3460 308 3519 usui
331 3467 392 3523 tum
415 3464 534 3542 saepius
556 3479 573 3521 a
597 3462 629 3527 S.
649 3459 684 3522 R.
702 3452 745 3526 C.
760 3462 819 3524 de-
853 3478 933 3521 mero
956 3469 1076 3542 praesto
1100 3466 1130 3523 in
1154 3446 1346 3524 choro'snnt.

152 3562 247 3641 clais,
276 3583 315 3625 na
337 3582 380 3626 sc.
411 3566 545 3628 conlusio
571 3563 629 3629 illa
651 3566 821 3645 inducatur,
918 3564 1123 3631 Ammadverti
1142 3567 1249 3631 deinde
1263 3575 1362 3649 potest
1383 3586 1441 3629 non
1457 3569 1513 3628 mi-

153 3658 294 3750 adquam
316 3671 525 3734 eliminandam
541 3673 646 3737 Patres
662 3682 820 3761 tantopere
851 3690 906 3733 aus
934 3671 1085 3736 decretum
1119 3679 1169 3739 iti.
1194 3675 1270 3756 Aug.
1297 3679 1401 3753 1651,
1433 3691 1520 3757 quam

152 3770 322 3843 incubuere.
360 3776 453 3841 Penes
470 3778 671 3843 celebraturos
694 3799 820 3861 namque
851 3775 1001 3843 decretum
1034 3786 1085 3847 18.
1109 3781 1283 3844 Decembris
1307 3783 1391 3853 1779
1415 3783 1515 3861 parti-

153 3888 202 3949 esi
221 3900 419 3969 quamcunque
433 3886 527 3948 velint
551 3894 686 3962 centare3
708 3890 736 3947 si
760 3903 819 3947 noa
851 3885 961 3949 aulacia
995 3887 1091 3950 videri
1122 3896 1206 3971 atque
1234 3906 1268 3949 aa
1297 3885 1396 3949 omnia
1425 3886 1518 3968 repeti

152 3985 315 4052 adhibeant
339 3990 512 4067 ministros,
536 3996 675 4055 omittant
708 4004 738 4055 et
768 3997 819 4054 in·
851 3991 899 4053 laic
922 3990 959 4055 da
983 4002 1108 4079 utroque
1130 3993 1246 4072 debere,
1270 4012 1342 4079 quae
1365 3990 1402 4053 de
1417 3991 1515 4071 parti-

153 4098 371 4170 remotionem,
401 4107 431 4161 et
460 4105 488 4162 si
510 4097 677 4162 thurificare
705 4096 819 4178 volunt,
852 4096 1002 4163 sularibus
1030 4101 1060 4164 S.
1085 4101 1122 4163 R.
1146 4098 1180 4162 (i.
1204 4097 1331 4161 decretis
1362 4096 1518 4160 statuenda

152 4197 313 4265 adhibeant
342 4208 430 4267 etiam
461 4210 510 4288 qui
546 4222 666 4288 semper
700 4215 818 4289 praesto
851 4224 919 4267 esse
949 4226 1003 4269 suo
1032 4206 1098 4269 loco
1127 4204 1319 4289 probavimus
1339 4200 1383 4290 3).
1428 4204 1518 4269 Prius
1609 4184 1614 4195 ’

862 4361 886 4428 ¹)
899 4364 952 4425 Qua
974 4369 1142 4419 ammiane
1166 4367 1226 4417 iiius
1249 4368 1337 4417 tanen
1359 4365 1514 4425 eminas,

904 4458 948 4519 qui
980 4459 1032 4506 tria
1060 4455 1126 4507 besa
1155 4459 1261 4506 decreta
1289 4456 1327 4503 ati
1344 4438 1519 4517 'duchesne

902 4544 1027 4605 parallelo
1047 4557 1098 4594 uno
1117 4544 1188 4593 foece
1206 4547 1365 4604 proponunt.

860 4629 886 4695 ²)
899 4635 926 4682 in
944 4634 1011 4683 laud
1031 4646 1053 4683 c.
1072 4633 1114 4683 til.
1134 4632 1234 4694 prioris
1252 4633 1348 4691 parua.
1499 4678 1502 4685 ,

213 4675 280 4728 ¹8⁶³
299 4681 333 4729 ω
351 4694 372 4731 ⁸‘
395 4682 505 4735 mnu
523 4687 556 4734 ‘¹⁸
580 4685 648 4735 um
667 4698 742 4736 ”m
760 4696 825 4747 Μ’
859 4718 1057 4785 ’JRcaotantnr
1073 4722 1194 4789 eniteris,
1222 4720 1317 4783 quibus
1345 4721 1475 4784 distingui
1502 4732 1517 4769 ι

209 4772 329 4830 egerunt.
364 4768 511 4824 scientibus
528 4773 640 4837 laqueat
900 4810 1074 4876 mamm„
1087 4808 1261 4870 mmm
1278 4808 1387 4863 mm
1409 4812 1520 4869 Pomm

901 4909 956 4962 ean.
974 4897 1015 4952 hil.
1034 4898 1131 4960 arteria
1148 4894 1256 4963 nats·-

167 4408 192 4473 ¹)
207 4411 249 4463 ts.
266 4415 368 4479 August
388 4418 464 4468 lesi.
487 4417 520 4467 ad
538 4418 564 4469 3.

166 4584 192 4651 ¹)
206 4585 280 4648 Quod
298 4593 318 4641 ii
343 4595 410 4645 bena
428 4604 540 4659 norunt,
564 4598 610 4661 qni
636 4610 676 4646 au.
706 4597 773 4649 1852
798 4602 826 4645 et
