3302 5224
137 37 216 118 itit

133 235 207 301 baec
236 251 292 318 per
320 231 418 317 ipsius
444 228 589 316 epistolae
605 226 737 315 titulum
765 227 1054 315 inscriptionempue
1077 229 1156 295 iacta
1176 226 1313 297 rubricae
1334 228 1497 319 explicatio

137 342 238 408 minus
259 341 410 413 arrideat,
439 360 500 405 non
521 339 680 405 admodum
702 340 890 422 repugnabo,
916 347 950 401 ut
970 356 1036 400 eam
1060 338 1208 400 comburis
1236 357 1303 402 cum
1327 332 1373 424 τῷ
1395 338 1500 415 ,nui-

78 462 81 469 ’
136 450 234 513 musa
255 465 327 512 socc
356 447 449 530 legit‘
480 466 514 509 ao
543 446 665 528 propris
694 445 848 510 contundi
868 443 1084 527 significatione
1112 444 1254 525 sucipietp
1270 440 1350 508 ‘sed‘
1373 454 1443 509 tcinc
1464 448 1499 509 in

136 563 278 641 promptu
307 552 396 623 aimeri
427 553 516 616 etiam
545 546 715 616 babebimus
744 550 986 634 responsionem,
1016 570 1074 633 qua
1096 552 1182 613 initio
1206 549 1413 616 diiiicultciem
1432 552 1498 639 jam

139 666 320 744 excopimus.
366 659 468 743 Neque
491 661 569 723 enim
584 659 651 723 ideo
674 677 760 722 causa
783 659 957 735 cecidimus,
980 658 1058 740 quod
1081 657 1176 719 secuti
1191 658 1339 722 Romanos
1353 656 1498 723 fuerimus

55 818 61 825 „
137 772 171 835 in
191 767 400 851 componenda
421 769 540 831 rubrica
563 784 629 829 cuin
652 762 796 850 epistolae
818 762 907 828 titulo
927 773 979 828 aut
1000 763 1088 847 quod,
1108 764 1147 827 ad
1171 762 1294 829 illorum
1316 764 1500 850 exemplum,

139 865 354 943 recurrendum
398 876 435 939 ad
477 874 555 938 bunc
596 892 663 938 esse
682 871 870 939 'dixerimus
908 871 947 934 ad
981 870 1140 934 eruendam
1174 872 1332 955 genuinam
1365 872 1502 937 rubricae

138 992 325 1070 potestatem·
851 994 854 995 ’

715 1124 928 1149 m

678 1329 841 1421 vaput
859 1326 949 1403 Vl·

122 1549 130 1570 ‘
152 1434 156 1443 Ι
183 1458 235 1527 De
256 1459 410 1532 crtien’s'e,
432 1457 543 1544 quidue
564 1458 687 1521 accone·
704 1478 726 1523 a
738 1452 984 1538 parb‘eulure‘due
995 1455 1159 1541 puerulis
1173 1453 1300 1523 demeto
1313 1463 1456 1539 pmesnt.
1504 1513 1507 1517 ,

139 1603 381 1671 Argumentum.
414 1600 446 1652 in
469 1601 568 1667 dupitci
591 1598 744 1651 differentia
768 1601 875 1652 sicema
898 1599 1012 1652 Romans
1035 1605 1193 1667 emuntur,
1213 1605 1296 1664 praui
1319 1602 1418 1663 duplex
1440 1614 1503 1656 ease

211 1695 301 1756 potest
317 1691 426 1745 iliorum
453 1701 530 1739 causa
553 1691 673 1750 proxima
702 1687 817 1740 ti-dd.
853 1689 952 1752 Duplex
976 1691 1241 1754 distinguendus-eat
1258 1688 1502 1759 congregationum

89 1812 93 1832 .
157 1762 162 1769 ⁹
215 1782 297 1845 ordo;
321 1782 355 1831 ad
373 1782 492 1843 priorem
514 1779 625 1827 clessam
648 1782 787 1827 revocatur
810 1792 834 1830 r.
854 1780 1031 1843 concrepatio
1057 1781 1155 1830 concii.
1179 1780 1302 1843 is-bop
1332 1782 1366 1831 ad
1391 1780 1502 1831 aiteram

212 1883 237 1923 e.
254 1864 306 1921 ilii
326 1870 405 1931 Conp.
429 1865 471 1916 bi.
505 1864 691 1928 Proponuntur
709 1864 838 1933 Criterle,
862 1871 956 1931 quibua
980 1872 1087 1920 secerni
1104 1874 1177 1919 certo
1196 1881 1210 1919 a
1229 1869 1433 1931 particularibus
1451 1883 1504 1936 ga-

165 1959 169 1965 ’
196 1958 314 2010 ‘ncraita
332 1956 358 2008 8.
375 1954 406 2006 ii.
426 1953 454 2007 c.
472 1957 581 2005 decreu
598 1960 709 2017 poscant
725 1954 768 2007 bi.
798 1956 941 2007 criterium
962 1957 1069 2008 causale
1082 1954 1131 2020 ⁵³3
1151 1960 1287 2008 criterium
1298 1958 1438 2008 materiate
1450 1954 1509 2023 bip'

210 2048 350 2099 cutoriam
367 2045 510 2096 celadwsn
528 2044 578 2107 aa,
596 2047 733 2096 criterium
752 2056 786 2095 en
802 2048 989 2108 approbatione
1005 2047 1141 2098 i'ontiiicte
1159 2046 1299 2097 dumetum
1318 2047 1363 2097 bb.
1407 2046 1505 2097 Rasin·-

212 2137 265 2199 piis
283 2133 576 2191 wormaciensi-ts.
612 2133 732 2189 seboim
751 2137 786 2186 da
803 2137 986 2188 discernendis
1001 2138 1133 2201 iegiumia
1150 2138 1418 2189 eomuetosinibuaa
1438 2147 1505 2200 paa-

171 2276 174 2281 ,
208 2225 322 2291 ‚sumptis
340 2236 389 2286 per
406 2224 495 2286 legem
513 2225 638 2301 abusibus
654 2225 739 2285 priori
757 2225 947 2288 disquisitionis
964 2229 1034 2287 parti
1055 2225 1134 2276 tinem
1152 2226 1271 2289 imponit

158 2382 162 2391 ⁵
276 2371 330 2432 ib.
357 2364 450 2429 *Tria
472 2364 666 2446 perfecimus,
679 2374 684 2383 ’
697 2383 772 2447 quae
790 2366 952 2430 constituta
974 2367 1061 2429 nobis
1082 2373 1166 2428 erant
1188 2374 1275 2449 etquis
1299 2361 1389 2431 simud
1414 2368 1504 2430 etiam

141 2480 310 2559 opportuna
332 2469 512 2555 collegimus
536 2486 574 2536 ex
597 2471 755 2553 disputetis
774 2471 950 2547 corollaria,
973 2474 1078 2555 quibus
1093 2490 1212 2538 rursum
1230 2473 1400 2556 praecipua,
1426 2493 1507 2556 (pausev

144 2580 278 2669 emunda
301 2578 496 2661 dieporseque
518 2578 705 2657 dederamus,
727 2582 760 2643 in
782 2592 869 2643 usnam
891 2596 993 2644 sumtus
1016 2579 1166 2663 complexi
1190 2598 1352 2657 crimmum,
1375 2590 1408 2643 ut
1429 2582 1499 2662 ipsa

142 2689 277 2771 apertius
299 2686 516 2765 innotesceret,
540 2686 610 2769 quid
631 2683 678 2748 uei
701 2686 808 2751 ritibus
830 2687 948 2751 tuendis
967 2688 1130 2770 praepositi
1144 2672 1257 2777 [Patres
1279 2690 1310 2751 iu
1336 2687 1503 2751 condendis

144 2797 208 2861 suls
230 2794 357 2858 decretis
380 2813 528 2877 nunquam
552 2814 612 2858 non
634 2796 782 2858 senserint
807 2791 836 2876 ¹)
858 2793 906 2858 vel
928 2794 997 2877 quid
1020 2794 1330 2861 mouercOrdinarios
1352 2802 1504 2860 nostrates

144 2903 275 2988 potuerit
297 2902 335 2965 ad
357 2896 523 2985 evulganda
544 2910 596 2964 aut
618 2904 705 2964 etism
719 2901 944 2965 'ad'inserendu
963 2904 1088 2986 proprio
1110 2900 1279 2965 calendario
1299 2903 1503 2966 Romanorum

141 3010 277 3099 judicum
299 3005 418 3090 placitu
432 3006 474 3091 ²).
508 3009 698 3074 Ostendimus
719 3007 834 3073 scilicet
855 3019 969 3074 tanturm
991 3012 1095 3076 abesse
1111 3008 1143 3092 Β)
1167 3019 1198 3073 ut
1212 3026 1248 3072 ea
1262 3011 1385 3091 insuper
1399 3009 1504 3074 haberi

146 3138 164 3181 a
186 3117 315 3181 subditis
334 3116 456 3200 impunc
470 3115 595 3196 possint,
618 3126 649 3180 ut
664 3136 784 3199 gruum
806 3117 908 3198 potius
931 3117 1055 3182 dicenda
1077 3120 1137 3181 sint
1159 3118 1190 3181 in
1214 3118 1426 3180 conscientiam
1449 3119 1507 3181 iu-

149 3224 259 3287 ducere
280 3214 502 3305 obligationem.
546 3222 602 3287 coi
624 3224 830 3305 apertissimae
852 3224 969 3288 veritati
992 3246 1008 3288 e
1030 3224 1158 3307 vestigio
1179 3224 1391 3312 subjunximus
1413 3225 1508 3287 testi-

42 3394 51 3401 ,
144 3332 298 3397 flectiones
333 3338 364 3391 at
400 3346 524 3393 numero
552 3327 694 3412 plurimas
722 3340 753 3395 et
780 3332 839 3396 fide
868 3334 1065 3404 certissimas,
1100 3352 1172 3415 quae
1200 3335 1231 3395 in
1262 3333 1363 3417 aprico
1393 3350 1507 3415 ponere

146 3430 269 3502 Petrum
299 3444 428 3499 mentem
456 3437 488 3501 in
510 3437 634 3500 mendis
659 3437 800 3516 decretis,
828 3456 949 3522 eamque
969 3438 1120 3502 illustrare
1142 3446 1308 3521 opportune
1330 3439 1506 3502 debuemus

147 3543 223 3608 Cum
246 3541 370 3627 danique
391 3543 484 3609 relata
505 3547 537 3609 in
559 3553 662 3608 nostra
684 3545 842 3611 directoria
865 3546 981 3609 decreta
1013 3544 1110 3629 aliqua
1133 3547 1175 3610 iia
1197 3548 1274 3625 sint,
1304 3554 1336 3609 ut
1365 3543 1418 3610 illa
1440 3545 1507 3610 Or·

117 3678 121 3683 ·
147 3651 257 3714 dinarii
279 3670 373 3734 neque
392 3671 447 3715 suu
469 3651 567 3715 iacere
588 3653 752 3727 intendant,
775 3673 868 3739 neque
885 3673 990 3717 novam
1005 3655 1046 3716 iis
1061 3672 1183 3744 ermque
1204 3654 1291 3716 uliam
1314 3654 1375 3719 uim
1397 3652 1507 3717 addere

148 3756 243 3822 velint
265 3768 383 3841 praeter
404 3760 552 3840 nativam,
583 3780 670 3855 quiam
701 3783 717 3825 e
747 3763 843 3845 primo
857 3746 921 3824 ¹suo
950 3760 1033 3826 lonte
1058 3759 1123 3848 jam
1145 3738 1374 3838 contraxerunt3
1403 3758 1508 3842 inquii-

147 3866 271 3930 rendum
297 3866 426 3932 breuiter
455 3875 520 3932 erat
548 3867 585 3933 de
613 3865 775 3951 multiplici
802 3868 891 3933 modo
917 3887 975 3952 quo
996 3868 1104 3935 teiam
1127 3870 1158 3932 iu
1182 3865 1381 3943 calendarium
1405 3865 1525 3932 solent·

149 3974 266 4043 moen
289 3973 383 4058 dapum
403 3974 443 4039 tia
464 3975 613 4048 omnibuis,
635 3993 710 4058 quae
731 3984 871 4040 cameris
898 3973 999 4059 aliqua
1027 3976 1143 4040 rationo
1164 3984 1236 4039 suut
1257 3992 1327 4038 oum
1348 3975 1432 4043 uene
1453 3972 1508 4039 ilia
1634 4004 1635 4007 ¹

148 4081 302 4147 inmun
330 4081 431 4146 modo.
483 4081 580 4164 Atque
610 4080 680 4145 brec
710 4082 826 4165 quidem
855 4083 1069 4166 praestitimus.
1131 4080 1174 4146 lta
1203 4100 1275 4146 sero
1304 4082 1337 4144 iu
1362 4089 1428 4145 tota
1448 4080 1506 4145 leae

153 4189 358 4257 commentarii
381 4197 467 4272 parte
482 4186 575 4254 locuti
596 4190 634 4255 de
649 4187 833 4256 decretorum
854 4188 1036 4275 obligatione
1058 4206 1170 4270 sumus,
1192 4196 1224 4252 ut
1246 4207 1306 4253 non
1327 4187 1424 4253 solum
1448 4190 1509 4254 ob-

150 4296 593 4382 acme-adespsfiemmisoe,
614 4304 695 4363 inter
714 4306 759 4362 tot
778 4314 805 4361 s.
829 4292 866 4361 u.
889 4294 926 4362 C.
948 4298 1067 4361 decreta
1088 4296 1216 4379 reperiri
1237 4293 1400 4376 nonnulla,
1435 4316 1510 4381 quaa

152 4402 297 4470 accenseri
320 4396 542 4470 uniuersalibus
565 4403 683 4489 legibus
704 4414 791 4489 atquc
813 4392 1036 4491 uti‘pcnerule'o
1058 4404 1210 4471 obseruari
1233 4402 1270 4468 ab
1291 4404 1430 4495 omnibus
1452 4404 1510 4469 da-

149 4558 363 4583 m

206 4669 231 4735 Ι)
254 4658 351 4723 benaia
366 4672 446 4735 eaput
461 4670 503 4727 ni.

206 4755 236 4824 ι)
260 4758 316 4811 cir.
334 4758 397 4822 cap.
416 4758 457 4813 iv.

208 4842 234 4918 ⁸)
257 4844 337 4903 luitis
353 4850 449 4917 capnt·
467 4846 509 4902 tit
527 4858 553 4904 s.
572 4847 614 4904 1&
696 4874 700 4883 =
