3400 5224
442 350 480 414 Α.

136 452 267 517 membres
299 454 490 517 ommium
524 455 647 537 preebet
678 473 799 536 mmque

137 562 212 623 circe
234 557 412 624 celebrantis
436 559 546 625 collum
569 569 668 642 eptet3
691 562 799 641 plene-

136 677 193 729 tem
226 665 368 730 embebue
399 673 470 731 item
494 666 631 731 menibus
655 669 799 731 elevetem

136 793 224 855 snper
234 774 401 837 secerdotie
414 776 523 838 collum
533 774 727 860 humerosque
735 773 801 837 ele-

137 889 241 961 gentes·
263 882 437 945 accomodet
460 891 490 944 et
512 884 639 945 biretum
663 900 729 944 cum
744 901 801 944 oe-

136 989 199 1051 onlo
215 987 316 1050 trudit.
330 984 360 1072 ¹)
383 988 507 1051 Missele
523 987 641 1052 tendem
651 997 802 1070 entepec-

138 1104 184 1157 tue
214 1096 360 1158 cleretum
391 1095 514 1158 sinistre
536 1095 688 1159 sustinens
713 1115 803 1158 menu

135 1202 327 1267 reverentiam
350 1203 473 1283 magici
502 1202 626 1266 exhibet
649 1211 699 1265 eut
722 1206 803 1264 cruci

135 1310 323 1391 modesteque
354 1309 465 1390 eliquot
495 1309 675 1390 preecedens
697 1328 803 1373 secer-

136 1415 234 1478 dotem
263 1414 400 1494 pessibus
428 1415 464 1478 ed
498 1416 655 1480 sacristiae
685 1426 804 1499 portem

134 1520 288 1602 procedit,
324 1521 375 1583 uhi
402 1524 535 1605 sequenti
565 1543 599 1586 se
631 1521 803 1601 celebranti,

137 1628 174 1690 ed
186 1633 358 1711 ingressum
367 1632 397 1690 in
407 1627 572 1703 ecclesium,
589 1649 695 1713 equum
707 1629 802 1691 bene-

136 1735 246 1797 dictem
258 1735 403 1817 porrigit,
421 1734 654 1820 pendentemque
668 1736 705 1799 de
718 1755 803 1797 muro

137 1839 340 1923 compenulem
362 1842 472 1922 pulset.
501 1844 615 1907 Tribus
632 1846 738 1906 iterum
754 1850 805 1904 eut

139 1957 266 2030 quotuor
295 1946 433 2029 possitus
471 1949 651 2030 praecedens
683 1956 804 2012 incessu

137 2055 223 2136 greci
245 2054 431 2117 sacerdotem
447 2064 478 2117 et
491 2056 587 2121 oculis
602 2056 746 2120 demissis
766 2054 803 2118 ed

137 2160 233 2225 eltere
263 2160 397 2243 procedit
427 2162 525 2244 ibique
555 2165 594 2226 ed
616 2163 683 2250 ejus
703 2182 736 2227 sc
758 2165 805 2225 si-

137 2277 219 2332 stens
255 2267 394 2332 dextrem
433 2269 560 2333 biretum
600 2289 666 2333 cum
705 2270 806 2332 osculo

139 2375 259 2456 occipit.

207 2486 260 2548 13·
277 2482 443 2565 Antequam
458 2487 598 2546 amictum
612 2482 755 2546 secordes
770 2483 807 2546 dc
903 2491 954 2551 13.
970 2483 1040 2548 Non
1054 2482 1091 2545 eb
1106 2481 1146 2546 iis
1160 2480 1257 2545 solum
1272 2479 1333 2544 lete
1347 2501 1365 2545 e
1379 2482 1500 2545 Summo

139 2588 272 2651 ministri
290 2589 426 2652 menibus
441 2593 567 2671 occipit,
591 2589 690 2671 signet
704 2608 756 2668 se,
778 2594 808 2652 si
833 2589 976 2654 Pontidee
989 2591 1044 2653 len
1058 2589 1097 2653 de
1113 2589 1252 2673 teperede'e
1263 2590 1380 2652 oeeiete
1401 2582 1497 2650 eolle-

135 2692 230 2773 relit,
253 2701 342 2777 signo
359 2694 474 2773 mucis,
498 2695 553 2760 sed
566 2714 655 2759 menn
676 2704 808 2768 tentume
833 2698 895 2763 rite
911 2695 944 2782 ¹)
963 2696 1111 2760 censendo
1125 2706 1173 2758 est
1190 2692 1312 2767 violari,
1333 2695 1383 2776 qui
1397 2712 1432 2756 ee
1446 2693 1499 2756 in-

136 2811 199 2864 tum
222 2802 348 2865 amictus
371 2820 489 2867 crucem
523 2800 699 2867 deoseelens
728 2799 806 2866 illud
834 2805 945 2869 decore
958 2804 1033 2868 setis
1048 2803 1350 2884 prominentiesupre
1361 2794 1501 2863 amictum

140 2908 220 2972 circe
244 2907 353 2973 collum
375 2911 419 2973 sic
442 2918 538 2991 eptet,
571 2918 602 2971 ut
625 2928 685 2972 non
709 2906 806 2973 solum
834 2911 1013 2988 ostendente
1035 2909 1091 2973 sed
1104 2912 1181 2975 ubils
1198 2913 1289 2972 etiem
1303 2924 1364 2972 non
1380 2907 1499 2971 ridetur

135 3018 324 3096 superiorum
355 3018 482 3080 vestium
516 3024 656 3098 conteget
677 3015 808 3080 summi·-
834 3023 867 3081 in
881 3018 970 3099 proxi
989 3018 1165 3097 observatu,
1190 3014 1238 3099 qul
1262 3011 1404 3094 sollerte,
1426 3030 1502 3099 queo

139 3129 239 3198 tetes,
276 3141 378 3185 verum
409 3125 498 3187 etiem
526 3121 585 3187 elie
609 3121 807 3207 cujuscunque
835 3134 943 3208 gerunt
972 3140 1141 3207 quecunque
1180 3120 1299 3187 demum
1328 3124 1365 3186 de
1402 3134 1502 3201 oense,

135 3230 257 3309 generis
279 3225 419 3304 ceduno,
442 3251 517 3313 queo
539 3230 619 3296 lorte
641 3231 807 3295 honestetis
834 3232 918 3316 prius
940 3232 1093 3312 deponunt
1115 3232 1146 3293 in
1169 3229 1326 3309 secristie,
1348 3248 1386 3293 ne
1407 3226 1504 3311 plices

136 3338 236 3415 gretie
258 3344 368 3416 gestet.
835 3337 914 3404 forte
937 3337 1114 3402 conuellunt
1135 3346 1186 3402 eut
1206 3334 1320 3420 eliquid
1334 3336 1502 3401 venustatis

818 3458 819 3463 ’
835 3467 906 3510 suec
919 3444 1091 3528 deperdunt.
1122 3445 1242 3507 Praeter
1256 3443 1392 3507 rubriore
1407 3463 1501 3526 pree-

835 3554 980 3633 scriptum
1003 3572 1117 3638 quoque
1134 3548 1169 3634 ¹)
1192 3549 1359 3615 heterocliti
1382 3550 1501 3635 quidem

834 3668 941 3740 egunt,
964 3676 1031 3721 cum
1054 3660 1101 3722 rel
1123 3656 1236 3741 pollice
1258 3677 1351 3741 sopor
1365 3661 1504 3723 omiotem

834 3765 931 3829 erneis
953 3763 1121 3848 producunt
1142 3765 1280 3846 signum,
1302 3767 1430 3830 ecloum
1445 3765 1504 3829 sibl

834 3890 924 3935 menn
961 3870 1051 3935 simul
1081 3882 1110 3935 et
1145 3876 1256 3937 emiotu
1286 3892 1304 3936 e
1338 3874 1437 3938 fronte
1467 3869 1504 3934 ed

683 4024 685 4033 ·
834 3987 939 4062 pectus
961 3976 1037 4042 illud
1060 3979 1183 4043 leolunt.

211 4083 261 4143 ic.
286 4076 409 4141 Centum
426 4096 478 4160 per
488 4076 635 4162 pectorale
654 4079 808 4146 meeum
904 4092 955 4152 ie.
979 4085 1074 4149 Fecte
1095 4106 1114 4148 e
1136 4087 1278 4150 Romanis
1295 4087 1431 4150 Patribus
1452 4090 1505 4148 in-

131 4182 202 4269 jem
225 4184 335 4248 dudum
357 4205 385 4247 e.
410 4205 436 4248 s.
459 4186 494 4248 lt
512 4184 547 4248 C.
572 4185 629 4249 tuit
645 4182 679 4269 ¹)
708 4207 745 4250 nc
769 4208 807 4252 ex
836 4188 1504 4279 dulgentiaciroeconiectorumjemexeetite

131 4291 275 4374 perceptu
289 4301 339 4354 eut
354 4311 392 4355 ex
408 4289 466 4355 elie
486 4313 655 4376 quocunque
676 4297 808 4375 materie,
837 4300 959 4363 meterie
995 4298 1235 4364 indumentorum
1269 4320 1355 4364 usum
1392 4299 1505 4383 (usque

136 4416 229 4481 quem
253 4416 292 4460 ex
312 4393 376 4462 lino
399 4408 449 4463 eut
471 4401 588 4466 canuto
611 4420 695 4466 secre
716 4402 809 4467 indu·
835 4406 907 4469 dum
920 4412 1152 4482 consumantur,
1182 4412 1224 4470 eit
1253 4406 1422 4491 decretum)
1437 4426 1505 4470 me-

135 4513 244 4567 mente
259 4506 474 4572 conficerentui
489 4517 518 4570 et
537 4508 640 4571 ulteris
655 4507 809 4590 supellec·
836 4513 942 4578 niieste
970 4512 1107 4578 nonnrdli
1131 4534 1224 4596 penes
1255 4534 1312 4577 nos
1335 4513 1503 4595 abutuntur,

136 4702 356 4720 m

158 4798 186 4864 ¹)
198 4798 283 4864 ecque
293 4800 358 4852 leeee
369 4806 456 4855 emnie
468 4803 581 4854 llinietri
593 4802 711 4865 meteres
731 4806 810 4855 etiem
857 4805 881 4872 ¹)
894 4806 922 4857 P.
939 4806 971 4860 li.
992 4809 1032 4859 tit.
1052 4808 1067 4857 1
1086 4803 1111 4866 8.
1133 4809 1157 4858 t.

195 4893 333 4951 praestent
346 4892 480 4945 secerdoti
498 4894 527 4945 ln
544 4895 634 4944 nimie
652 4897 773 4946 tentetis.
856 4890 883 4958 ¹)
895 4895 923 4947 P.
941 4896 970 4950 ii.
988 4899 1027 4948 tit
1046 4898 1072 4949 Ι.
1091 4896 1115 4959 ς.
1138 4896 1161 4945 t.
1257 4912 1261 4923 ·

155 4972 245 5041 ²)1t.
260 4984 338 5033 mert.
357 4979 436 5034 etet.
494 4990 498 4997 '

180 5062 764 5140 maenumuunrceemeee
799 5071 823 5127 1.
841 5070 927 5128 esee
1217 5060 1259 5123 ts
