3330 5222
125 2950 130 2983 l

203 100 293 188 tur

203 247 236 308 irr
259 245 463 323 Germanicis,
488 244 592 329 quilnrs
616 254 660 310 tot
682 248 849 330 principum
871 214 1100 331 protestantiutrr¹
1117 212 1253 313 'dominia'
1274 212 1372 314 ricinia
1395 259 1483 329 sunt,
1501 249 1554 315 rel
1647 310 1651 319 .

203 335 235 396 in
256 334 412 415 Hungaria
441 344 470 397 et
492 335 746 416 Transsylranla',
779 338 827 400 ubi
859 348 959 403 tantus
988 338 1113 402 habetur
1141 337 1302 402 incolarum
1326 337 1553 403 acatholicorum
1649 410 1651 423 Ι

203 440 353 486 numerus.
398 424 553 487 hectorea
588 425 617 486 in
651 422 737 488 ltalia
766 425 873 499 multa,
905 446 977 509 quae
1008 430 1038 489 in
1068 427 1226 490 Germania
1264 426 1392 490 taedium
1426 428 1552 515 jamjam

201 513 331 593 pariunt,
354 519 455 593 utpote
478 516 642 578 innumeris
660 514 780 599 ⁴vicibus
803 518 949 597 repetita,
972 537 1047 579 nora
1070 516 1164 579 adhuc
1188 522 1259 579 sunt
1282 525 1310 578 et
1333 517 1476 603 majorem
1499 537 1553 580 sc-

202 600 328 663 duoendi
351 599 410 664 vim
433 612 588 667 exsudat.
679 636 684 645 ·
1214 618 1217 623 ⁴

334 692 371 753 X.
402 686 529 770 Quando
543 691 761 755 ecclesiasticus
778 695 824 756 vir
845 714 862 755 a
881 693 988 778 judice
999 693 1144 757 saeculari
1164 695 1194 757 in
1213 693 1266 779 jus
1289 702 1409 758 vocetur
1432 700 1563 777 propter*

202 778 313 841 crimen
336 799 390 841 seu
406 779 545 843 delictum
563 781 605 843 ad
620 779 796 863 religionem
819 783 984 863 pertinens
1008 783 1087 864 quod
1103 781 1277 865 poenalibus
1292 781 1414 864 Imperii
1438 782 1553 865 legibus

202 868 462 946 animadvertitur,
502 870 645 955 Majestaa
676 873 735 933 Sua
765 869 967 934 difficultatem
997 872 1059 934 non
1090 872 1177 945 iacit,
1209 882 1241 933 ut
1270 869 1450 934 atribnnali
1473 871 1554 935 civili

201 957 313 1038 primae
336 958 503 1029 instantiae,
529 968 681 1041 antequam
707 958 743 1021 ad
768 956 945 1022 sententiam
969 960 1121 1023 larundam
1143 962 1294 1042 procedat,
1317 960 1466 1042 Episcopo
1489 970 1554 1025 acta

201 1045 397 1111 exhibeantur
419 1057 449 1109 et
482 1050 651 1129 ipses-eam
682 1047 791 1127 audiat,
816 1050 973 1131 omniaque
995 1059 1127 1131 peragat,
1152 1070 1226 1131 quae
1248 1050 1285 1115 ad
1307 1066 1445 1112 ‘caussam
1464 1048 1554 1135 justa

168 1158 173 1173 ι
201 1154 329 1201 ιιιιιοιιεε
359 1135 595 1218 cognoscendam
626 1138 827 1218 requiruntur.
871 1139 1031 1220 Postquam
1053 1137 1221 1219 Episcopus
1251 1139 1282 1202 in
1311 1138 1379 1201 iero
1399 1158 1456 1201 suo
1478 1158 1565 1205 scu-1

201 1226 322 1287 tentiam
347 1222 467 1302 tulerit,
491 1226 623 1288 eamdem
647 1228 874 1291 communicabit
892 1227 987 1312 judici
1011 1224 1172 1303 saeculari,
1198 1227 1245 1308 qui
1269 1227 1395 1290 subinde
1417 1225 1454 1289 de
1475 1227 1565 1309 legis·

201 1311 299 1376 ciuilis
324 1310 486 1377 violatione
509 1313 584 1396 legis
609 1310 708 1377 civilis
733 1315 769 1376 ad
793 1335 926 1379 normam
946 1315 1101 1401 judicabit.

333 1419 380 1486 ill.
420 1420 558 1484 Ceteram
590 1418 710 1483 articuli
732 1421 807 1485 xtv.
839 1423 876 1484 de
899 1408 1089 1485 clericorum
1106 1421 1223 1484 caussis
1254 1422 1468 1504 dispositiones
1500 1442 1553 1486 eos

199 1506 375 1589 respiciunt,
399 1510 448 1590 qui
471 1530 488 1571 a
496 1509 621 1594 judiciis
644 1510 804 1574 ordinariis
828 1511 1013 1574 condemnati
1028 1512 1157 1580 fuerints
1180 1514 1374 1592 exceptiones
1397 1521 1554 1575 occurrant

194 1617 324 1661 neccsse
347 1608 403 1674 est,
427 1594 475 1662 ubi
498 1599 535 1660 de
559 1599 681 1661 crimine
704 1609 818 1680 agatur,
846 1603 877 1661 iu
921 1600 977 1663 uod
999 1600 1038 1661 ad
1061 1609 1177 1679 tempus
1202 1600 1457 1663 extraordinarius
1479 1621 1555 1682 pro-

200 1687 323 1749 cedendi
346 1686 462 1763 modus,
486 1707 568 1769 quem
593 1685 824 1763 ,‚Sicrtdrecbt“
845 1688 877 1773 (j
899 1620 1007 1750 licium
1023 1688 1261 1771 instantaneum]
1284 1696 1401 1765 vocant,
1425 1696 1555 1753 statutus

199 1786 254 1838 est.
304 1775 430 1858 Insuper
459 1776 603 1863 Majestas
634 1779 693 1838 Sua
724 1786 897 1858 exspectat,
928 1778 992 1840 lore
1024 1785 1055 1838 ut
1086 1778 1231 1858 Episcopi
1261 1777 1298 1857 ad
1329 1777 1555 1847 custodiendum

196 1865 570 1942 virum-ecclesiasticum,
602 1867 649 1947 qui
673 1885 690 1927 a
709 1865 810 1950 judice
833 1864 917 1928 civili
940 1867 977 1928 de
1000 1864 1111 1953 delicto
1140 1864 1190 1928 rel
1214 1866 1456 1947 transgressione
1479 1887 1555 1930 eon-

198 1953 353 2017 demnatus
385 1954 493 2030 iuuerit,
532 1954 652 2017 domum
682 1953 914 2018 eeclesiasticam
938 1953 1083 2035 seligunt,
1115 1975 1187 2037 quac
1210 1955 1365 2018 Gubernio
1385 1954 1464 2019 haud
1487 1954 1556 2020 dis-

196 2041 316 2124 pliceat.
336 2042 370 2107 In
380 2044 564 2126 quantumad
576 2042 808 2107 ecelesiasticam
824 2044 954 2126 aliquam
964 2043 1082 2107 doraum
1098 2042 1288 2108 custodiendi
1302 2045 1414 2107 remitti
1425 2046 1556 2126 possint,

197 2133 248 2214 qui
261 2134 394 2195 criminis
414 2134 458 2195 rei
474 2132 601 2217 judicati
615 2132 738 2205 inerint,
761 2134 902 2214 pendebit
926 2153 1050 2197 acasus
1074 2141 1178 2206 natura
1199 2144 1230 2195 et
1245 2134 1339 2215 gratia
1353 2132 1566 2215 Imperatoris.¹

329 2236 391 2301 ΧΠ.
420 2237 455 2301 ln
477 2241 647 2319 prouincia,
681 2258 756 2323 quae
776 2240 831 2302 sub
854 2239 979 2303 limitum
1003 2239 1175 2303 militarium
1198 2243 1318 2303 nomine
1341 2241 1438 2319 venit,
1462 2261 1556 2324 pecu-

200 2325 284 2390 liaris
314 2324 403 2408 plano
426 2347 475 2388 res
506 2327 736 2390 administrandi
758 2330 864 2391 modus
888 2339 1016 2392 statutus
1040 2339 1104 2404 est3
1138 2330 1246 2411 quippe
1269 2348 1346 2391 rmus
1369 2330 1506 2414 idcmque
1526 2340 1557 2394 et

197 2415 321 2483 rnilitum
344 2417 510 2498 praelectus
541 2426 569 2479 et
596 2417 692 2502 judex
723 2427 752 2479 et
775 2421 968 2500 magistratus
992 2417 1101 2480 civilis.
1146 2418 1243 2499 igitur
1260 2418 1378 2503 judiees
1401 2420 1557 2494 ordinarii,

197 2506 235 2567 ad
259 2524 332 2589 quos
357 2503 533 2571 clericorum
557 2526 679 2569 earrssae
703 2505 805 2570 civiles
828 2508 1121 2587 perordinationem
1152 2507 1181 2569 d.
1206 2507 1235 2570 d.
1260 2512 1291 2572 7.
1315 2508 1446 2589 Augusti
1471 2515 1555 2576 1852

197 2596 341 2659 remissae
363 2597 496 2670 interant,
526 2594 664 2659 militiam
695 2595 783 2659 simul
806 2605 922 2677 regunt.
970 2592 1068 2676 Quum
1091 2604 1187 2658 autern
1210 2598 1241 2660 in
1265 2593 1402 2677 pluribus
1424 2595 1552 2661 limitum

198 2682 373 2751 militarium
403 2684 540 2766 partibus
570 2683 724 2747 acatholici
757 2685 994 2767 frequentissimi
1024 2684 1175 2757 habitent,
1212 2706 1276 2747 non
1313 2686 1464 2767 contigere
1492 2706 1553 2751 non

197 2783 314 2854 potest,
345 2783 377 2835 ut
407 2774 439 2836 bi
467 2775 660 2853 magistratus
693 2771 851 2857 aliquando
877 2775 935 2838 viri
963 2774 1000 2836 ab
1022 2771 1156 2836 Ecclesia
1175 2771 1337 2837 catholica
1368 2773 1458 2837 aliani
1480 2776 1552 2838 sint.

196 2860 387 2944 Quapropter
407 2862 553 2949 Majestas
571 2864 629 2926 Sua
653 2859 735 2926 clero
758 2860 905 2947 catbolico
928 2865 965 2926 ab
980 2863 1141 2926 ordinariis
1156 2862 1345 2927 districtuum
1368 2863 1552 2945 singulorum

193 2952 345 3036 judicibus
376 2961 492 3031 exemto
516 2952 688 3033 Zagrabiae‚
717 2953 766 3014 ubi
797 2973 895 3016 rerum
919 2950 1051 3016 civilium
1079 2961 1108 3015 et
1130 2948 1305 3027 militarium
1328 2974 1383 3034 per
1404 2953 1551 3017 Croatim

197 3049 227 3102 et
249 3038 429 3104 slavoniam·
445 3041 624 3124 gubernator
646 3040 776 3120 residet,
807 3042 904 3104 sorum
928 3040 1057 3124 speciale
1081 3038 1251 3122 delegatum
1274 3044 1438 3105 constituit.
1485 3044 1554 3107 Pari

197 3129 284 3193 modo
307 3129 338 3192 in
363 3132 469 3195 ceteris
493 3150 606 3213 quoque
631 3126 757 3192 limitum
781 3129 955 3194 militarium
978 3131 1113 3218 partibus
1137 3130 1349 3211 providebitur.

329 3236 406 3300 Xlll.
437 3232 535 3315 Quum
557 3236 699 3322 blajestas
717 3240 776 3301 Sua
799 3238 957 3314 desideret,
980 3247 1012 3301 ut
1034 3233 1213 3317 disciplinae
1229 3235 1552 3315 ecclesiastieae-vigor

198 3336 404 3404 conseruntur,
434 3335 572 3406 paratum
600 3346 716 3406 semper
740 3346 772 3387 se
794 3327 928 3390 exbibuit
951 3337 980 3388 et
1003 3325 1170 3396 exhibebit,
1201 3326 1238 3387 ad
1268 3328 1435 3390 executioni
1451 3342 1549 3386 nnan-

198 3417 311 3480 dandas
335 3417 499 3483 sententias
530 3415 567 3478 ab
589 3416 749 3496 Episcopis
778 3417 808 3477 in
833 3414 960 3479 elericos
983 3417 1026 3477 cis
1050 3415 1186 3478 subditos
1210 3415 1287 3480 latas
1311 3413 1420 3479 brachii
1443 3431 1552 3475 saecu-

198 3504 272 3568 laris
295 3504 440 3571 auxilium
462 3514 623 3586 praestare.
668 3503 830 3585 Exspectat
852 3515 949 3567 auteur
972 3505 1054 3580 lore,
1087 3514 1119 3566 ut
1140 3501 1458 3586 Episcopibracbium
1481 3512 1553 3565 sae-

198 3591 297 3657 culare
319 3593 506 3678 imploraturi
529 3614 676 3675 congruas
692 3597 814 3657 aderant
833 3592 1071 3669 dilucidationas,
1096 3595 1125 3654 si
1149 3612 1221 3675 quas
1242 3595 1279 3655 ab
1295 3594 1371 3675 ipsis
1393 3593 1455 3672 peti
1477 3611 1555 3655 eorr-

196 3683 310 3764 tigerit,
333 3703 389 3768 quo
412 3682 529 3765 quidem
553 3684 703 3746 eveniente
727 3703 796 3745 casu
813 3684 1058 3765 Angustissimus
1075 3680 1204 3746 consilio
1219 3691 1317 3745 utetm
1331 3678 1555 3745 commissionis

158 3762 180 3785 “
197 3776 252 3837 sub
280 3773 422 3855 Episcopi
453 3772 607 3858 cujusdam
639 3773 788 3853 pracsidio
817 3793 855 3835 ex
894 3791 1046 3835 sacrorum
1080 3771 1249 3835 Antiatibus
1288 3790 1341 3841 seu
1378 3768 1447 3832 aliis
1478 3772 1555 3834 viris

198 3860 409 3927 ecclesiasticis
434 3863 624 3943 compositae.

330 3967 404 4033 xlv.
428 3967 525 4049 lagen
542 3970 714 4032 Ausmiacae
737 3987 791 4052 qua
816 3967 947 4050 regulam
964 3976 1106 4047 statuunt,
1131 3978 1161 4031 ut
1176 3973 1279 4041 testes,
1304 3984 1428 4049 quorum
1452 3966 1553 4029 domi-

198 4059 298 4127 cilium
321 4058 424 4121 asedc
436 4058 542 4143 judieii
565 4058 786 4140 inquisitionem
808 4059 977 4138 peragentis
995 4056 1072 4120 ultra
1087 4055 1145 4120 duo
1159 4054 1301 4118 milliaria
1317 4056 1428 4131 distata
1452 4064 1571 4118 coram‘

195 4150 297 4237 judice
328 4150 497 4225 districtus,
527 4149 558 4209 in
588 4168 646 4231 quo
668 4147 819 4224 habitant,
851 4147 1051 4211 testimonium
1074 4146 1180 4209 lerant.
1226 4145 1380 4227 Praeterea
1402 4154 1431 4206 et
1454 4141 1553 4226 legu‘rn

199 4242 295 4302 tenori
317 4251 346 4301 et
368 4237 536 4323 Majestatis
559 4236 636 4301 Suae
657 4235 800 4301 voluntati
824 4234 912 4317 plane
934 4245 1163 4298 consentaneum
1188 4244 1242 4305 est,
1268 4244 1299 4297 ut
1322 4237 1352 4298 in
1376 4234 1553 4316 expetendis

200 4329 381 4391 testimoniis
404 4326 609 4403 sacerdotum,
640 4336 779 4409 quantum
802 4327 846 4387 rei
869 4334 972 4386 natura
995 4328 1082 4396 sinat,
1107 4335 1264 4402 caveatur,
1287 4344 1324 4388 ne
1346 4321 1552 4405 persolvendis

199 4417 329 4479 numeris
351 4418 429 4479 sacri
445 4417 552 4480 officiis
571 4415 779 4496 impedimenta
793 4424 950 4495 ponantur.
997 4410 1115 4492 Quodsi
1131 4413 1256 4488 accidat,
1281 4422 1313 4474 ut
1322 4413 1419 4498 judex
1435 4413 1554 4496 quidam

200 4505 391 4570 indiscretius
413 4516 499 4587 agat,
531 4504 672 4587 Episcopi
694 4502 949 4586 Augrmtissimum
970 4502 1095 4579 adeant,
1122 4505 1172 4584 qai
1195 4503 1327 4576 curabit,
1351 4511 1382 4564 ut
1404 4505 1554 4583 negotium

202 4595 364 4658 secandum
386 4594 486 4675 ipsius
509 4591 691 4657 uoluntatem
714 4604 744 4656 et
767 4592 843 4676 legis
865 4594 904 4656 ad
927 4600 1055 4656 mentem
1077 4593 1283 4687 pertraetetur.

334 4702 397 4765 XV.
421 4696 519 4779 Quum
543 4704 724 4766 ann01849
748 4697 877 4764 militum
900 4701 932 4763 in
956 4696 1092 4762 domibus
1112 4696 1354 4763 collocandorum
1377 4715 1446 4759 cura
1469 4716 1555 4761 com-

201 4790 394 4855 munitatibus
417 4785 550 4869 politicis
575 4789 806 4862 concredemus,
830 4809 890 4853 non
914 4790 1112 4868 infrequenter
1135 4788 1251 4862 accidit,
1282 4800 1313 4853 ut
1335 4786 1483 4872 parochis,
1506 4788 1556 4871 qui

201 4900 291 4961 neque
314 4876 453 4959 ampliori
474 4877 652 4943 habitatione
675 4899 767 4964 neque
797 4879 941 4943 reditibus
965 4894 1125 4957 congruam
1149 4879 1356 4961 superantibus
1379 4877 1556 4955 onerentur,

202 4966 313 5032 milites
335 4968 367 5031 in
391 4985 444 5030 sua
466 4967 627 5046 reeipiendi
649 4968 814 5033 necessitas
837 4970 1049 5051 imponeretur.
1097 4962 1250 5045 Quantum
1272 4971 1329 5037 bec
1352 4966 1387 5032 ab
1411 4964 1555 5053 acquitate
