<?xml version="1.0" encoding="UTF-8"?>
<!DOCTYPE html PUBLIC "-//W3C//DTD XHTML 1.0 Transitional//EN"
    "http://www.w3.org/TR/xhtml1/DTD/xhtml1-transitional.dtd">
<html xmlns="http://www.w3.org/1999/xhtml" xml:lang="en" lang="en">
 <head>
  <title>
</title>
<meta http-equiv="Content-Type" content="text/html;charset=utf-8" />
  <meta name='ocr-system' content='tesseract 3.04.00' />
  <meta name='ocr-capabilities' content='ocr_page ocr_carea ocr_par ocr_line ocrx_word'/>
</head>
<body>
  <div class='ocr_page' id='page_1' title='image "./archivfrkatholi08jurigoog_0476.png"; bbox 0 0 3400 5224; ppageno 0'>
   <div class='ocr_carea' id='block_1_1' title="bbox 765 312 1566 487">
    <p class='ocr_par' dir='ltr' id='par_1_1' title="bbox 765 312 1566 487">
     <span class='ocr_line' id='line_1_1' title="bbox 1225 312 1258 372; baseline -0.03 0"><span class='ocrx_word' id='word_1_1' title='bbox 1225 312 1258 372; x_wconf 87' lang='lat' dir='ltr'><strong>B.</strong></span> 
     </span>
     <span class='ocr_line' id='line_1_2' title="bbox 765 378 1566 487; baseline 0.006 -28"><span class='ocrx_word' id='word_1_2' title='bbox 765 378 782 484; x_wconf 69' lang='grc' dir='ltr'><strong> </strong></span> <span class='ocrx_word' id='word_1_3' title='bbox 910 399 1078 487; x_wconf 73' lang='lat' dir='ltr'><strong>discrevere</strong></span> <span class='ocrx_word' id='word_1_4' title='bbox 1114 396 1257 485; x_wconf 77' lang='lat' dir='ltr'><strong>Majores.</strong></span> <span class='ocrx_word' id='word_1_5' title='bbox 1321 399 1454 467; x_wconf 72' lang='lat' dir='ltr'><strong>tiranni</strong></span> <span class='ocrx_word' id='word_1_6' title='bbox 1496 403 1566 465; x_wconf 82' lang='lat' dir='ltr'><strong>sscri</strong></span> 
     </span>
    </p>
   </div>
   <div class='ocr_carea' id='block_1_2' title="bbox 219 505 1600 3906">
    <p class='ocr_par' dir='ltr' id='par_1_2' title="bbox 773 505 1589 2940">
     <span class='ocr_line' id='line_1_3' title="bbox 909 505 1566 588; baseline 0.003 -22"><span class='ocrx_word' id='word_1_7' title='bbox 909 526 967 567; x_wconf 94' lang='lat' dir='ltr'><strong>non</strong></span> <span class='ocrx_word' id='word_1_8' title='bbox 998 505 1138 580; x_wconf 79' lang='lat' dir='ltr'><strong>adorant,</strong></span> <span class='ocrx_word' id='word_1_9' title='bbox 1173 511 1221 588; x_wconf 89' lang='lat' dir='ltr'><strong>qui</strong></span> <span class='ocrx_word' id='word_1_10' title='bbox 1252 507 1479 581; x_wconf 74' lang='lat' dir='ltr'><strong>adhiberentur,</strong></span> <span class='ocrx_word' id='word_1_11' title='bbox 1509 525 1566 568; x_wconf 88' lang='lat' dir='ltr'><strong>uno</strong></span> 
     </span>
     <span class='ocr_line' id='line_1_4' title="bbox 827 613 1567 693; baseline 0.003 -20"><span class='ocrx_word' id='word_1_12' title='bbox 827 668 834 679; x_wconf 82' lang='lat'><strong>,</strong></span> <span class='ocrx_word' id='word_1_13' title='bbox 909 632 981 693; x_wconf 82' lang='lat' dir='ltr'><strong>ergo</strong></span> <span class='ocrx_word' id='word_1_14' title='bbox 1016 613 1228 675; x_wconf 73' lang='lat' dir='ltr'><strong>incensatione</strong></span> <span class='ocrx_word' id='word_1_15' title='bbox 1259 614 1373 689; x_wconf 80' lang='lat' dir='ltr'><strong>tamdiu</strong></span> <span class='ocrx_word' id='word_1_16' title='bbox 1411 613 1567 675; x_wconf 88' lang='lat' dir='ltr'><strong>debuerunt</strong></span> 
     </span>
     <span class='ocr_line' id='line_1_5' title="bbox 773 716 1567 801; baseline 0.008 -24"><span class='ocrx_word' id='word_1_17' title='bbox 773 716 776 723; x_wconf 80' lang='grc'><strong>“</strong></span> <span class='ocrx_word' id='word_1_18' title='bbox 909 738 974 781; x_wconf 84' lang='lat' dir='ltr'><strong>csse</strong></span> <span class='ocrx_word' id='word_1_19' title='bbox 1007 723 1153 796; x_wconf 86' lang='lat' dir='ltr'><strong>contenti,</strong></span> <span class='ocrx_word' id='word_1_20' title='bbox 1188 720 1326 801; x_wconf 90' lang='lat' dir='ltr'><strong>quamdiu</strong></span> <span class='ocrx_word' id='word_1_21' title='bbox 1361 719 1481 783; x_wconf 87' lang='lat' dir='ltr'><strong>iliorum</strong></span> <span class='ocrx_word' id='word_1_22' title='bbox 1514 740 1567 783; x_wconf 92' lang='lat' dir='ltr'><strong>non</strong></span> 
     </span>
     <span class='ocr_line' id='line_1_6' title="bbox 909 825 1569 911; baseline 0.009 -26"><span class='ocrx_word' id='word_1_23' title='bbox 909 825 1071 887; x_wconf 81' lang='lat' dir='ltr'>habebatur</span> <span class='ocrx_word' id='word_1_24' title='bbox 1106 830 1201 907; x_wconf 89' lang='lat' dir='ltr'><strong>copis.</strong></span> <span class='ocrx_word' id='word_1_25' title='bbox 1253 826 1396 891; x_wconf 80' lang='lat' dir='ltr'><strong>cantatur</strong></span> <span class='ocrx_word' id='word_1_26' title='bbox 1420 847 1513 911; x_wconf 78' lang='lat' dir='ltr'><strong>orgo,</strong></span> <span class='ocrx_word' id='word_1_27' title='bbox 1543 838 1569 891; x_wconf 86' lang='lat' dir='ltr'><strong>et</strong></span> 
     </span>
     <span class='ocr_line' id='line_1_7' title="bbox 909 932 1567 1015; baseline 0.002 -21"><span class='ocrx_word' id='word_1_28' title='bbox 909 932 1027 1013; x_wconf 85' lang='lat' dir='ltr'><strong>quidem</strong></span> <span class='ocrx_word' id='word_1_29' title='bbox 1049 951 1089 992; x_wconf 83' lang='lat' dir='ltr'><strong>ec</strong></span> <span class='ocrx_word' id='word_1_30' title='bbox 1101 934 1255 1014; x_wconf 82' lang='lat' dir='ltr'><strong>principio</strong></span> <span class='ocrx_word' id='word_1_31' title='bbox 1266 932 1479 1010; x_wconf 82' lang='lat' dir='ltr'><strong>Romanorum,</strong></span> <span class='ocrx_word' id='word_1_32' title='bbox 1501 933 1567 1015; x_wconf 86' lang='lat' dir='ltr'><strong>piu-</strong></span> 
     </span>
     <span class='ocr_line' id='line_1_8' title="bbox 909 1038 1570 1122; baseline 0.003 -23"><span class='ocrx_word' id='word_1_33' title='bbox 909 1038 991 1101; x_wconf 86' lang='lat' dir='ltr'><strong>ribus</strong></span> <span class='ocrx_word' id='word_1_34' title='bbox 1004 1039 1108 1102; x_wconf 80' lang='lat' dir='ltr'><strong>abhinc</strong></span> <span class='ocrx_word' id='word_1_35' title='bbox 1128 1039 1255 1103; x_wconf 87' lang='lat' dir='ltr'><strong>saeculis</strong></span> <span class='ocrx_word' id='word_1_36' title='bbox 1279 1042 1309 1103; x_wconf 93' lang='lat' dir='ltr'><strong>in</strong></span> <span class='ocrx_word' id='word_1_37' title='bbox 1326 1040 1493 1122; x_wconf 77' lang='lat' dir='ltr'><strong>praecipuis</strong></span> <span class='ocrx_word' id='word_1_38' title='bbox 1505 1041 1570 1109; x_wconf 90' lang='lat' dir='ltr'><strong>unni</strong></span> 
     </span>
     <span class='ocr_line' id='line_1_9' title="bbox 908 1146 1571 1211; baseline 0.005 -5"><span class='ocrx_word' id='word_1_39' title='bbox 908 1146 1121 1210; x_wconf 76' lang='lat' dir='ltr'><strong>festivitatibus</strong></span> <span class='ocrx_word' id='word_1_40' title='bbox 1150 1148 1293 1210; x_wconf 88' lang='lat' dir='ltr'><strong>solemnis</strong></span> <span class='ocrx_word' id='word_1_41' title='bbox 1322 1154 1414 1211; x_wconf 85' lang='lat' dir='ltr'><strong>missa</strong></span> <span class='ocrx_word' id='word_1_42' title='bbox 1436 1167 1501 1209; x_wconf 89' lang='lat' dir='ltr'><strong>oum</strong></span> <span class='ocrx_word' id='word_1_43' title='bbox 1525 1153 1571 1209; x_wconf 88' lang='lat' dir='ltr'><strong>in-</strong></span> 
     </span>
     <span class='ocr_line' id='line_1_10' title="bbox 909 1253 1572 1331; baseline 0.009 -19"><span class='ocrx_word' id='word_1_44' title='bbox 909 1253 1086 1331; x_wconf 87' lang='lat' dir='ltr'><strong>censatione,</strong></span> <span class='ocrx_word' id='word_1_45' title='bbox 1109 1253 1181 1327; x_wconf 79' lang='lat' dir='ltr'><strong>licet</strong></span> <span class='ocrx_word' id='word_1_46' title='bbox 1203 1256 1241 1316; x_wconf 88' lang='lat' dir='ltr'><strong>ob</strong></span> <span class='ocrx_word' id='word_1_47' title='bbox 1258 1255 1402 1318; x_wconf 85' lang='lat' dir='ltr'><strong>deiectum</strong></span> <span class='ocrx_word' id='word_1_48' title='bbox 1417 1253 1572 1318; x_wconf 86' lang='lat' dir='ltr'><strong>ministro-</strong></span> 
     </span>
     <span class='ocr_line' id='line_1_11' title="bbox 909 1361 1574 1445; baseline 0.005 -24"><span class='ocrx_word' id='word_1_49' title='bbox 909 1380 974 1422; x_wconf 87' lang='lat' dir='ltr'><strong>rum</strong></span> <span class='ocrx_word' id='word_1_50' title='bbox 994 1380 1088 1442; x_wconf 82' lang='lat' dir='ltr'><strong>nequo</strong></span> <span class='ocrx_word' id='word_1_51' title='bbox 1101 1361 1251 1424; x_wconf 80' lang='lat' dir='ltr'><strong>Diaconus</strong></span> <span class='ocrx_word' id='word_1_52' title='bbox 1263 1383 1358 1445; x_wconf 82' lang='lat' dir='ltr'><strong>nsque</strong></span> <span class='ocrx_word' id='word_1_53' title='bbox 1373 1361 1574 1424; x_wconf 86' lang='lat' dir='ltr'><strong>Subdiuoonus</strong></span> 
     </span>
     <span class='ocr_line' id='line_1_12' title="bbox 910 1467 1574 1551; baseline 0.005 -24"><span class='ocrx_word' id='word_1_54' title='bbox 910 1467 1011 1528; x_wconf 84' lang='lat' dir='ltr'><strong>haberi</strong></span> <span class='ocrx_word' id='word_1_55' title='bbox 1041 1467 1153 1548; x_wconf 82' lang='lat' dir='ltr'><strong>possit,</strong></span> <span class='ocrx_word' id='word_1_56' title='bbox 1186 1476 1215 1531; x_wconf 88' lang='lat' dir='ltr'><strong>et</strong></span> <span class='ocrx_word' id='word_1_57' title='bbox 1251 1468 1329 1531; x_wconf 89' lang='lat' dir='ltr'><strong>hunc</strong></span> <span class='ocrx_word' id='word_1_58' title='bbox 1365 1488 1450 1531; x_wconf 90' lang='lat' dir='ltr'><strong>usum</strong></span> <span class='ocrx_word' id='word_1_59' title='bbox 1489 1488 1574 1551; x_wconf 85' lang='lat' dir='ltr'><strong>quare</strong></span> 
     </span>
     <span class='ocr_line' id='line_1_13' title="bbox 911 1573 1576 1659; baseline 0.006 -24"><span class='ocrx_word' id='word_1_60' title='bbox 911 1573 999 1636; x_wconf 89' lang='lat' dir='ltr'><strong>sodes</strong></span> <span class='ocrx_word' id='word_1_61' title='bbox 1045 1575 1176 1655; x_wconf 81' lang='lat' dir='ltr'><strong>carpes?</strong></span> <span class='ocrx_word' id='word_1_62' title='bbox 1227 1576 1378 1659; x_wconf 85' lang='lat' dir='ltr'><strong>Numquid</strong></span> <span class='ocrx_word' id='word_1_63' title='bbox 1423 1576 1576 1639; x_wconf 73' lang='lat' dir='ltr'><strong>modernis</strong></span> 
     </span>
     <span class='ocr_line' id='line_1_14' title="bbox 903 1662 1575 1761; baseline 0.006 -20"><span class='ocrx_word' id='word_1_64' title='bbox 903 1662 1086 1761; x_wconf 66' lang='lat' dir='ltr'><strong>’quibusdam</strong></span> <span class='ocrx_word' id='word_1_65' title='bbox 1116 1682 1301 1746; x_wconf 86' lang='lat' dir='ltr'><strong>rubricarum</strong></span> <span class='ocrx_word' id='word_1_66' title='bbox 1338 1682 1575 1747; x_wconf 75' lang='lat' dir='ltr'><strong>enarrationibus</strong></span> 
     </span>
     <span class='ocr_line' id='line_1_15' title="bbox 911 1786 1577 1873; baseline 0.006 -25"><span class='ocrx_word' id='word_1_67' title='bbox 911 1786 1054 1873; x_wconf 84' lang='lat' dir='ltr'><strong>majorem</strong></span> <span class='ocrx_word' id='word_1_68' title='bbox 1070 1788 1238 1854; x_wconf 80' lang='lat' dir='ltr'><strong>deferemus</strong></span> <span class='ocrx_word' id='word_1_69' title='bbox 1256 1791 1470 1867; x_wconf 76' lang='lat' dir='ltr'><strong>auctoritatem,</strong></span> <span class='ocrx_word' id='word_1_70' title='bbox 1491 1810 1577 1872; x_wconf 79' lang='lat' dir='ltr'><strong>quam</strong></span> 
     </span>
     <span class='ocr_line' id='line_1_16' title="bbox 911 1895 1579 1977; baseline 0.006 -22"><span class='ocrx_word' id='word_1_71' title='bbox 911 1902 956 1956; x_wconf 91' lang='lat' dir='ltr'><strong>tot</strong></span> <span class='ocrx_word' id='word_1_72' title='bbox 977 1899 1127 1977; x_wconf 85' lang='lat' dir='ltr'><strong>tantisque</strong></span> <span class='ocrx_word' id='word_1_73' title='bbox 1151 1895 1365 1962; x_wconf 74' lang='lat' dir='ltr'><strong>oculatissimis</strong></span> <span class='ocrx_word' id='word_1_74' title='bbox 1388 1896 1474 1959; x_wconf 83' lang='lat' dir='ltr'><strong>Sedis</strong></span> <span class='ocrx_word' id='word_1_75' title='bbox 1489 1897 1579 1976; x_wconf 81' lang='lat' dir='ltr'><strong>Apo-</strong></span> 
     </span>
     <span class='ocr_line' id='line_1_17' title="bbox 912 2000 1580 2086; baseline 0.006 -24"><span class='ocrx_word' id='word_1_76' title='bbox 912 2002 1034 2064; x_wconf 88' lang='lat' dir='ltr'><strong>stolicse</strong></span> <span class='ocrx_word' id='word_1_77' title='bbox 1056 2001 1164 2082; x_wconf 82' lang='lat' dir='ltr'><strong>legatis</strong></span> <span class='ocrx_word' id='word_1_78' title='bbox 1195 2000 1497 2086; x_wconf 69' lang='lat' dir='ltr'><strong>vigilantissimeque</strong></span> <span class='ocrx_word' id='word_1_79' title='bbox 1521 2022 1580 2066; x_wconf 91' lang='lat' dir='ltr'><strong>no-</strong></span> 
     </span>
     <span class='ocr_line' id='line_1_18' title="bbox 909 2108 1581 2192; baseline 0.004 -23"><span class='ocrx_word' id='word_1_80' title='bbox 909 2109 982 2170; x_wconf 88' lang='lat' dir='ltr'><strong>stris</strong></span> <span class='ocrx_word' id='word_1_81' title='bbox 996 2108 1170 2190; x_wconf 89' lang='lat' dir='ltr'><strong>Episcopis,</strong></span> <span class='ocrx_word' id='word_1_82' title='bbox 1194 2110 1243 2192; x_wconf 84' lang='lat' dir='ltr'><strong>qni</strong></span> <span class='ocrx_word' id='word_1_83' title='bbox 1258 2109 1332 2172; x_wconf 84' lang='lat' dir='ltr'><strong>nibil</strong></span> <span class='ocrx_word' id='word_1_84' title='bbox 1346 2111 1581 2191; x_wconf 81' lang='lat' dir='ltr'><strong>reprehensione</strong></span> 
     </span>
     <span class='ocr_line' id='line_1_19' title="bbox 833 2214 1581 2295; baseline 0.007 -22"><span class='ocrx_word' id='word_1_85' title='bbox 833 2260 837 2272; x_wconf 84' lang='grc'><strong>.</strong></span> <span class='ocrx_word' id='word_1_86' title='bbox 911 2214 1033 2295; x_wconf 81' lang='lat' dir='ltr'><strong>dignum</strong></span> <span class='ocrx_word' id='word_1_87' title='bbox 1064 2220 1096 2278; x_wconf 90' lang='lat' dir='ltr'><strong>in</strong></span> <span class='ocrx_word' id='word_1_88' title='bbox 1125 2216 1179 2278; x_wconf 80' lang='lat' dir='ltr'><strong>hnc</strong></span> <span class='ocrx_word' id='word_1_89' title='bbox 1206 2216 1421 2280; x_wconf 84' lang='lat' dir='ltr'><strong>consuetudins</strong></span> <span class='ocrx_word' id='word_1_90' title='bbox 1449 2222 1581 2280; x_wconf 80' lang='lat' dir='ltr'><strong>invenc-</strong></span> 
     </span>
     <span class='ocr_line' id='line_1_20' title="bbox 911 2321 1582 2404; baseline 0.012 -22"><span class='ocrx_word' id='word_1_91' title='bbox 911 2331 989 2397; x_wconf 89' lang='lat' dir='ltr'><strong>runt,</strong></span> <span class='ocrx_word' id='word_1_92' title='bbox 1012 2321 1082 2386; x_wconf 87' lang='lat' dir='ltr'><strong>licet</strong></span> <span class='ocrx_word' id='word_1_93' title='bbox 1102 2342 1221 2404; x_wconf 81' lang='lat' dir='ltr'><strong>semper</strong></span> <span class='ocrx_word' id='word_1_94' title='bbox 1241 2342 1398 2387; x_wconf 86' lang='lat' dir='ltr'><strong>sacrorum</strong></span> <span class='ocrx_word' id='word_1_95' title='bbox 1422 2335 1582 2391; x_wconf 83' lang='lat' dir='ltr'><strong>canonum.</strong></span> 
     </span>
     <span class='ocr_line' id='line_1_21' title="bbox 911 2427 1585 2511; baseline 0.006 -22"><span class='ocrx_word' id='word_1_96' title='bbox 911 2427 1131 2493; x_wconf 86' lang='lat' dir='ltr'><strong>Pontificisrum</strong></span> <span class='ocrx_word' id='word_1_97' title='bbox 1160 2432 1413 2509; x_wconf 86' lang='lat' dir='ltr'><strong>constitutionum,</strong></span> <span class='ocrx_word' id='word_1_98' title='bbox 1437 2429 1585 2511; x_wconf 80' lang='lat' dir='ltr'><strong>Congre-</strong></span> 
     </span>
     <span class='ocr_line' id='line_1_22' title="bbox 912 2532 1587 2619; baseline 0.004 -23"><span class='ocrx_word' id='word_1_99' title='bbox 912 2536 1063 2614; x_wconf 81' lang='lat' dir='ltr'><strong>gatiouurn</strong></span> <span class='ocrx_word' id='word_1_100' title='bbox 1086 2536 1273 2601; x_wconf 88' lang='lat' dir='ltr'><strong>decretorum</strong></span> <span class='ocrx_word' id='word_1_101' title='bbox 1289 2532 1505 2619; x_wconf 81' lang='lat' dir='ltr'><strong>sacrorumque</strong></span> <span class='ocrx_word' id='word_1_102' title='bbox 1518 2538 1587 2602; x_wconf 82' lang='lat' dir='ltr'><strong>Ro-</strong></span> 
     </span>
     <span class='ocr_line' id='line_1_23' title="bbox 913 2643 1587 2712; baseline 0.001 -9"><span class='ocrx_word' id='word_1_103' title='bbox 913 2661 1017 2705; x_wconf 87' lang='lat' dir='ltr'><strong>msnsc</strong></span> <span class='ocrx_word' id='word_1_104' title='bbox 1041 2643 1182 2706; x_wconf 73' lang='lat' dir='ltr'><strong>ecclesias</strong></span> <span class='ocrx_word' id='word_1_105' title='bbox 1204 2651 1313 2707; x_wconf 90' lang='lat' dir='ltr'><strong>rituum</strong></span> <span class='ocrx_word' id='word_1_106' title='bbox 1332 2647 1457 2706; x_wconf 78' lang='lat' dir='ltr'><strong>maximi</strong></span> <span class='ocrx_word' id='word_1_107' title='bbox 1469 2643 1587 2712; x_wconf 83' lang='lat' dir='ltr'><strong>inerint</strong></span> 
     </span>
     <span class='ocr_line' id='line_1_24' title="bbox 913 2749 1589 2833; baseline 0.004 -23"><span class='ocrx_word' id='word_1_108' title='bbox 913 2757 1079 2827; x_wconf 73' lang='lat' dir='ltr'><strong>amatores,</strong></span> <span class='ocrx_word' id='word_1_109' title='bbox 1109 2749 1384 2833; x_wconf 77' lang='lat' dir='ltr'><strong>studiosissimiquo</strong></span> <span class='ocrx_word' id='word_1_110' title='bbox 1412 2754 1589 2813; x_wconf 73' lang='lat' dir='ltr'><strong>imitatores</strong></span> 
     </span>
     <span class='ocr_line' id='line_1_25' title="bbox 913 2856 1588 2940; baseline 0.006 -24"><span class='ocrx_word' id='word_1_111' title='bbox 913 2863 1000 2938; x_wconf 85' lang='lat' dir='ltr'><strong>atque</strong></span> <span class='ocrx_word' id='word_1_112' title='bbox 1022 2857 1239 2920; x_wconf 79' lang='lat' dir='ltr'><strong>aoearatissimi</strong></span> <span class='ocrx_word' id='word_1_113' title='bbox 1254 2856 1501 2940; x_wconf 79' lang='lat' dir='ltr'><strong>exactissimiqus</strong></span> <span class='ocrx_word' id='word_1_114' title='bbox 1526 2857 1588 2920; x_wconf 86' lang='lat' dir='ltr'><strong>cb-</strong></span> 
     </span>
    </p>

    <p class='ocr_par' dir='ltr' id='par_1_3' title="bbox 827 2956 1110 3028">
     <span class='ocr_line' id='line_1_26' title="bbox 827 2956 1110 3028; baseline 0.018 -5"><span class='ocrx_word' id='word_1_115' title='bbox 827 2956 831 2969; x_wconf 86' lang='lat'>&#39;</span> <span class='ocrx_word' id='word_1_116' title='bbox 914 2965 1110 3028; x_wconf 71' lang='lat' dir='ltr'><strong>servatores?</strong></span> 
     </span>
    </p>

    <p class='ocr_par' dir='ltr' id='par_1_4' title="bbox 219 3067 1600 3906">
     <span class='ocr_line' id='line_1_27' title="bbox 288 3067 1590 3151; baseline -0.003 -15"><span class='ocrx_word' id='word_1_117' title='bbox 288 3075 342 3136; x_wconf 80' lang='lat'><strong>21.</strong></span> <span class='ocrx_word' id='word_1_118' title='bbox 366 3072 449 3135; x_wconf 84' lang='lat' dir='ltr'><strong>Haec</strong></span> <span class='ocrx_word' id='word_1_119' title='bbox 471 3089 563 3151; x_wconf 90' lang='lat' dir='ltr'><strong>porro</strong></span> <span class='ocrx_word' id='word_1_120' title='bbox 590 3068 683 3131; x_wconf 81' lang='lat' dir='ltr'><strong>statui</strong></span> <span class='ocrx_word' id='word_1_121' title='bbox 703 3067 741 3130; x_wconf 89' lang='lat' dir='ltr'><strong>de</strong></span> <span class='ocrx_word' id='word_1_122' title='bbox 762 3076 886 3149; x_wconf 82' lang='lat' dir='ltr'><strong>utraque</strong></span> <span class='ocrx_word' id='word_1_123' title='bbox 980 3076 1033 3135; x_wconf 78' lang='lat'><strong>21.</strong></span> <span class='ocrx_word' id='word_1_124' title='bbox 1059 3073 1100 3134; x_wconf 83' lang='lat' dir='ltr'><strong>At</strong></span> <span class='ocrx_word' id='word_1_125' title='bbox 1126 3074 1222 3148; x_wconf 86' lang='lat' dir='ltr'><strong>enim,</strong></span> <span class='ocrx_word' id='word_1_126' title='bbox 1254 3077 1448 3151; x_wconf 78' lang='lat' dir='ltr'><strong>oggsrcatem</strong></span> <span class='ocrx_word' id='word_1_127' title='bbox 1480 3069 1590 3147; x_wconf 76' lang='lat' dir='ltr'><strong>auctio,</strong></span> 
     </span>
     <span class='ocr_line' id='line_1_28' title="bbox 222 3173 1593 3257; baseline -0.001 -18"><span class='ocrx_word' id='word_1_128' title='bbox 222 3179 384 3241; x_wconf 83' lang='lat' dir='ltr'><strong>missarum</strong></span> <span class='ocrx_word' id='word_1_129' title='bbox 405 3174 503 3239; x_wconf 78' lang='lat' dir='ltr'><strong>classe</strong></span> <span class='ocrx_word' id='word_1_130' title='bbox 526 3182 654 3257; x_wconf 84' lang='lat' dir='ltr'><strong>possunt</strong></span> <span class='ocrx_word' id='word_1_131' title='bbox 905 3173 1109 3255; x_wconf 76' lang='lat' dir='ltr'><strong>jamduobus</strong></span> <span class='ocrx_word' id='word_1_132' title='bbox 1123 3174 1233 3242; x_wconf 80' lang='lat' dir='ltr'><strong>cddrirc</strong></span> <span class='ocrx_word' id='word_1_133' title='bbox 1255 3173 1392 3239; x_wconf 81' lang='lat' dir='ltr'><strong>susruiis</strong></span> <span class='ocrx_word' id='word_1_134' title='bbox 1401 3179 1593 3257; x_wconf 72' lang='lat' dir='ltr'><strong>prosncpsn</strong></span> 
     </span>
     <span class='ocr_line' id='line_1_29' title="bbox 228 3279 1529 3363; baseline 0 -18"><span class='ocrx_word' id='word_1_135' title='bbox 228 3334 233 3345; x_wconf 85' lang='lat'><strong><em>.</em></strong></span> <span class='ocrx_word' id='word_1_136' title='bbox 287 3282 324 3363; x_wconf 83' lang='lat' dir='ltr'><strong>a)</strong></span> <span class='ocrx_word' id='word_1_137' title='bbox 341 3282 591 3357; x_wconf 83' lang='lat' dir='ltr'><strong>Quamudarodurn</strong></span> <span class='ocrx_word' id='word_1_138' title='bbox 606 3287 696 3347; x_wconf 84' lang='lat' dir='ltr'><strong>iunia</strong></span> <span class='ocrx_word' id='word_1_139' title='bbox 711 3285 781 3344; x_wconf 65' lang='lat' dir='ltr'><strong>ost</strong></span> <span class='ocrx_word' id='word_1_140' title='bbox 796 3279 887 3345; x_wconf 79' lang='lat' dir='ltr'><strong>unti-</strong></span> <span class='ocrx_word' id='word_1_141' title='bbox 914 3302 935 3345; x_wconf 88' lang='lat' dir='ltr'><strong>o</strong></span> <span class='ocrx_word' id='word_1_142' title='bbox 957 3282 991 3347; x_wconf 79' lang='lat' dir='ltr'><strong>S.</strong></span> <span class='ocrx_word' id='word_1_143' title='bbox 1015 3281 1055 3345; x_wconf 85' lang='lat' dir='ltr'><strong>R.</strong></span> <span class='ocrx_word' id='word_1_144' title='bbox 1078 3281 1112 3345; x_wconf 82' lang='lat'><strong>0.</strong></span> <span class='ocrx_word' id='word_1_145' title='bbox 1136 3283 1212 3348; x_wconf 79' lang='lat' dir='ltr'><strong>doen</strong></span> <span class='ocrx_word' id='word_1_146' title='bbox 1234 3284 1425 3362; x_wconf 67' lang='lat' dir='ltr'><strong>thurificatio</strong></span> <span class='ocrx_word' id='word_1_147' title='bbox 1448 3283 1529 3347; x_wconf 79' lang='lat' dir='ltr'><strong>esti</strong></span> 
     </span>
     <span class='ocr_line' id='line_1_30' title="bbox 221 3385 1595 3471; baseline 0.001 -19"><span class='ocrx_word' id='word_1_148' title='bbox 221 3390 327 3471; x_wconf 77' lang='lat' dir='ltr'><strong>quitus</strong></span> <span class='ocrx_word' id='word_1_149' title='bbox 343 3386 579 3471; x_wconf 77' lang='lat' dir='ltr'><strong>pn’neipulicris</strong></span> <span class='ocrx_word' id='word_1_150' title='bbox 605 3391 720 3452; x_wconf 71' lang='lat' dir='ltr'><strong>nessae</strong></span> <span class='ocrx_word' id='word_1_151' title='bbox 746 3385 888 3452; x_wconf 67' lang='lat' dir='ltr'><strong>columis</strong></span> <span class='ocrx_word' id='word_1_152' title='bbox 980 3385 1077 3470; x_wconf 75' lang='lat' dir='ltr'><strong>Quam</strong></span> <span class='ocrx_word' id='word_1_153' title='bbox 1107 3390 1310 3454; x_wconf 77' lang='lat' dir='ltr'><strong>difficultatum</strong></span> <span class='ocrx_word' id='word_1_154' title='bbox 1332 3389 1477 3454; x_wconf 80' lang='lat' dir='ltr'><strong>radicitus</strong></span> <span class='ocrx_word' id='word_1_155' title='bbox 1513 3408 1595 3455; x_wconf 78' lang='lat' dir='ltr'><strong>sans</strong></span> 
     </span>
     <span class='ocr_line' id='line_1_31' title="bbox 221 3492 1597 3580; baseline -0.001 -21"><span class='ocrx_word' id='word_1_156' title='bbox 221 3495 410 3575; x_wconf 68' lang='lat' dir='ltr'><strong>celebritas,</strong></span> <span class='ocrx_word' id='word_1_157' title='bbox 446 3503 481 3562; x_wconf 85' lang='lat' dir='ltr'><strong>ut</strong></span> <span class='ocrx_word' id='word_1_158' title='bbox 513 3492 642 3580; x_wconf 72' lang='lat' dir='ltr'><strong>reliquos</strong></span> <span class='ocrx_word' id='word_1_159' title='bbox 674 3493 887 3560; x_wconf 78' lang='lat' dir='ltr'><strong>sacerdotibus</strong></span> <span class='ocrx_word' id='word_1_160' title='bbox 914 3494 1030 3569; x_wconf 80' lang='lat' dir='ltr'><strong>evelles,</strong></span> <span class='ocrx_word' id='word_1_161' title='bbox 1054 3500 1082 3559; x_wconf 89' lang='lat' dir='ltr'><strong>st</strong></span> <span class='ocrx_word' id='word_1_162' title='bbox 1103 3503 1222 3565; x_wconf 81' lang='lat' dir='ltr'><strong>tertium</strong></span> <span class='ocrx_word' id='word_1_163' title='bbox 1244 3499 1356 3579; x_wconf 78' lang='lat' dir='ltr'><strong>prioris</strong></span> <span class='ocrx_word' id='word_1_164' title='bbox 1378 3502 1476 3577; x_wconf 88' lang='lat' dir='ltr'><strong>partis</strong></span> <span class='ocrx_word' id='word_1_165' title='bbox 1498 3504 1597 3580; x_wconf 82' lang='lat' dir='ltr'><strong>eaput</strong></span> 
     </span>
     <span class='ocr_line' id='line_1_32' title="bbox 219 3598 1597 3687; baseline -0.001 -21"><span class='ocrx_word' id='word_1_166' title='bbox 219 3603 484 3683; x_wconf 62' lang='lat' dir='ltr'><strong>pseusennes</strong></span> <span class='ocrx_word' id='word_1_167' title='bbox 499 3608 574 3668; x_wconf 86' lang='lat' dir='ltr'><strong>unte</strong></span> <span class='ocrx_word' id='word_1_168' title='bbox 584 3599 787 3683; x_wconf 64' lang='lat' dir='ltr'><strong>principata»</strong></span> <span class='ocrx_word' id='word_1_169' title='bbox 802 3598 887 3665; x_wconf 77' lang='lat' dir='ltr'><strong>cete-</strong></span> <span class='ocrx_word' id='word_1_170' title='bbox 913 3612 1083 3667; x_wconf 84' lang='lat' dir='ltr'><strong>nostrorum</strong></span> <span class='ocrx_word' id='word_1_171' title='bbox 1112 3604 1315 3687; x_wconf 82' lang='lat' dir='ltr'><strong>qmestionam</strong></span> <span class='ocrx_word' id='word_1_172' title='bbox 1344 3613 1456 3667; x_wconf 81' lang='lat' dir='ltr'><strong>attente</strong></span> <span class='ocrx_word' id='word_1_173' title='bbox 1477 3603 1597 3686; x_wconf 79' lang='lat' dir='ltr'><strong>pes-ls-</strong></span> 
     </span>
     <span class='ocr_line' id='line_1_33' title="bbox 221 3707 1600 3796; baseline 0.001 -23"><span class='ocrx_word' id='word_1_174' title='bbox 221 3708 314 3775; x_wconf 73' lang='lat' dir='ltr'><strong>bsure</strong></span> <span class='ocrx_word' id='word_1_175' title='bbox 335 3707 513 3776; x_wconf 74' lang='lat' dir='ltr'><strong>nuliatenus</strong></span> <span class='ocrx_word' id='word_1_176' title='bbox 533 3708 643 3774; x_wconf 78' lang='lat' dir='ltr'><strong>liceret</strong></span> <span class='ocrx_word' id='word_1_177' title='bbox 660 3743 705 3759; x_wconf 84' lang='grc'><strong>-</strong></span> <span class='ocrx_word' id='word_1_178' title='bbox 726 3730 786 3773; x_wconf 86' lang='lat' dir='ltr'><strong>non</strong></span> <span class='ocrx_word' id='word_1_179' title='bbox 808 3711 886 3773; x_wconf 83' lang='lat' dir='ltr'><strong>enim</strong></span> <span class='ocrx_word' id='word_1_180' title='bbox 914 3712 993 3793; x_wconf 82' lang='lat' dir='ltr'><strong>geris</strong></span> <span class='ocrx_word' id='word_1_181' title='bbox 1021 3715 1211 3796; x_wconf 75' lang='lat' dir='ltr'><strong>rationesque</strong></span> <span class='ocrx_word' id='word_1_182' title='bbox 1239 3720 1329 3792; x_wconf 87' lang='lat' dir='ltr'><strong>prout</strong></span> <span class='ocrx_word' id='word_1_183' title='bbox 1357 3729 1413 3792; x_wconf 88' lang='lat' dir='ltr'><strong>par</strong></span> <span class='ocrx_word' id='word_1_184' title='bbox 1435 3709 1495 3774; x_wconf 82' lang='lat' dir='ltr'><strong>est</strong></span> <span class='ocrx_word' id='word_1_185' title='bbox 1514 3712 1600 3775; x_wconf 84' lang='lat' dir='ltr'><strong>snb-</strong></span> 
     </span>
     <span class='ocr_line' id='line_1_34' title="bbox 222 3814 1599 3906; baseline 0 -26"><span class='ocrx_word' id='word_1_186' title='bbox 222 3817 305 3881; x_wconf 84' lang='lat' dir='ltr'><strong>solus</strong></span> <span class='ocrx_word' id='word_1_187' title='bbox 319 3816 448 3899; x_wconf 86' lang='lat' dir='ltr'><strong>populus</strong></span> <span class='ocrx_word' id='word_1_188' title='bbox 464 3817 591 3881; x_wconf 78' lang='lat' dir='ltr'><strong>distrahi</strong></span> <span class='ocrx_word' id='word_1_189' title='bbox 606 3838 625 3880; x_wconf 88' lang='lat' dir='ltr'><strong>a</strong></span> <span class='ocrx_word' id='word_1_190' title='bbox 639 3819 758 3899; x_wconf 88' lang='lat' dir='ltr'><strong>publico</strong></span> <span class='ocrx_word' id='word_1_191' title='bbox 771 3814 887 3881; x_wconf 86' lang='lat' dir='ltr'><strong>solem·</strong></span> <span class='ocrx_word' id='word_1_192' title='bbox 915 3817 1056 3896; x_wconf 78' lang='lat' dir='ltr'><strong>duxeris3</strong></span> <span class='ocrx_word' id='word_1_193' title='bbox 1087 3837 1126 3880; x_wconf 89' lang='lat' dir='ltr'><strong>na</strong></span> <span class='ocrx_word' id='word_1_194' title='bbox 1148 3838 1227 3899; x_wconf 76' lang='lat' dir='ltr'><strong>vero¹</strong></span> <span class='ocrx_word' id='word_1_195' title='bbox 1250 3817 1360 3881; x_wconf 91' lang='lat' dir='ltr'><strong>diutius</strong></span> <span class='ocrx_word' id='word_1_196' title='bbox 1393 3823 1424 3903; x_wconf 90' lang='lat' dir='ltr'><strong>in</strong></span> <span class='ocrx_word' id='word_1_197' title='bbox 1454 3839 1494 3881; x_wconf 86' lang='lat' dir='ltr'><strong>re</strong></span> <span class='ocrx_word' id='word_1_198' title='bbox 1527 3818 1599 3906; x_wconf 83' lang='lat' dir='ltr'><strong>jam</strong></span> 
     </span>
    </p>
   </div>
   <div class='ocr_carea' id='block_1_3' title="bbox 67 3908 1603 4009">
    <p class='ocr_par' dir='ltr' id='par_1_5' title="bbox 67 3908 1603 4009">
     <span class='ocr_line' id='line_1_35' title="bbox 67 3908 1603 4009; baseline 0 -23"><span class='ocrx_word' id='word_1_199' title='bbox 67 3908 73 3915; x_wconf 73' lang='grc'><strong>’</strong></span> <span class='ocrx_word' id='word_1_200' title='bbox 181 3928 184 3937; x_wconf 95' lang='grc'><strong>’</strong></span> <span class='ocrx_word' id='word_1_201' title='bbox 220 3922 309 4009; x_wconf 85' lang='lat' dir='ltr'><strong>nique</strong></span> <span class='ocrx_word' id='word_1_202' title='bbox 332 3943 419 3987; x_wconf 84' lang='lat' dir='ltr'><strong>sacro</strong></span> <span class='ocrx_word' id='word_1_203' title='bbox 442 3928 619 4004; x_wconf 81' lang='lat' dir='ltr'><strong>nonpntuit,</strong></span> <span class='ocrx_word' id='word_1_204' title='bbox 641 3926 812 3989; x_wconf 74' lang='lat' dir='ltr'><strong>sad-omnes</strong></span> <span class='ocrx_word' id='word_1_205' title='bbox 830 3944 887 3987; x_wconf 83' lang='lat' dir='ltr'><strong>sn-</strong></span> <span class='ocrx_word' id='word_1_206' title='bbox 913 3926 1013 3989; x_wconf 81' lang='lat' dir='ltr'><strong>insius</strong></span> <span class='ocrx_word' id='word_1_207' title='bbox 1038 3945 1093 3989; x_wconf 86' lang='lat' dir='ltr'><strong>suo</strong></span> <span class='ocrx_word' id='word_1_208' title='bbox 1114 3922 1181 3989; x_wconf 88' lang='lat' dir='ltr'><strong>loco</strong></span> <span class='ocrx_word' id='word_1_209' title='bbox 1202 3932 1268 3988; x_wconf 79' lang='lat' dir='ltr'><strong>asts</strong></span> <span class='ocrx_word' id='word_1_210' title='bbox 1289 3927 1509 3999; x_wconf 72' lang='lat' dir='ltr'><strong>immoremur,</strong></span> <span class='ocrx_word' id='word_1_211' title='bbox 1548 3926 1603 3988; x_wconf 79' lang='lat' dir='ltr'><strong>bic</strong></span> 
     </span>
    </p>
   </div>
   <div class='ocr_carea' id='block_1_4' title="bbox 220 4029 1608 4539">
    <p class='ocr_par' dir='ltr' id='par_1_6' title="bbox 220 4029 1608 4539">
     <span class='ocr_line' id='line_1_36' title="bbox 222 4029 1603 4115; baseline 0.001 -21"><span class='ocrx_word' id='word_1_212' title='bbox 222 4029 374 4109; x_wconf 77' lang='lat' dir='ltr'><strong>tardotes,</strong></span> <span class='ocrx_word' id='word_1_213' title='bbox 406 4035 561 4114; x_wconf 76' lang='lat' dir='ltr'><strong>cunctique</strong></span> <span class='ocrx_word' id='word_1_214' title='bbox 586 4033 686 4096; x_wconf 86' lang='lat' dir='ltr'><strong>fidslss</strong></span> <span class='ocrx_word' id='word_1_215' title='bbox 708 4031 746 4094; x_wconf 85' lang='lat' dir='ltr'><strong>sd</strong></span> <span class='ocrx_word' id='word_1_216' title='bbox 768 4033 887 4112; x_wconf 84' lang='lat' dir='ltr'><strong>publica</strong></span> <span class='ocrx_word' id='word_1_217' title='bbox 913 4033 1008 4095; x_wconf 89' lang='lat' dir='ltr'><strong>solum</strong></span> <span class='ocrx_word' id='word_1_218' title='bbox 1025 4034 1147 4095; x_wconf 90' lang='lat' dir='ltr'><strong>innuere</strong></span> <span class='ocrx_word' id='word_1_219' title='bbox 1171 4032 1275 4112; x_wconf 86' lang='lat' dir='ltr'><strong>placet,</strong></span> <span class='ocrx_word' id='word_1_220' title='bbox 1299 4032 1498 4115; x_wconf 51' lang='lat' dir='ltr'><strong>quaecunque</strong></span> <span class='ocrx_word' id='word_1_221' title='bbox 1516 4051 1603 4098; x_wconf 78' lang='lat' dir='ltr'><strong>enn-</strong></span> 
     </span>
     <span class='ocr_line' id='line_1_37' title="bbox 222 4137 1604 4218; baseline 0.001 -17"><span class='ocrx_word' id='word_1_222' title='bbox 222 4142 383 4201; x_wconf 70' lang='lat' dir='ltr'><strong>rmsssrnm</strong></span> <span class='ocrx_word' id='word_1_223' title='bbox 410 4138 554 4203; x_wconf 84' lang='lat' dir='ltr'><strong>solemnis</strong></span> <span class='ocrx_word' id='word_1_224' title='bbox 585 4148 614 4202; x_wconf 93' lang='lat' dir='ltr'><strong>et</strong></span> <span class='ocrx_word' id='word_1_225' title='bbox 641 4139 679 4202; x_wconf 85' lang='lat' dir='ltr'><strong>sd</strong></span> <span class='ocrx_word' id='word_1_226' title='bbox 708 4137 886 4202; x_wconf 81' lang='lat' dir='ltr'><strong>susiiendnm</strong></span> <span class='ocrx_word' id='word_1_227' title='bbox 915 4146 999 4218; x_wconf 86' lang='lat' dir='ltr'><strong>gesta</strong></span> <span class='ocrx_word' id='word_1_228' title='bbox 1022 4159 1040 4200; x_wconf 82' lang='lat' dir='ltr'><strong>s</strong></span> <span class='ocrx_word' id='word_1_229' title='bbox 1063 4139 1214 4202; x_wconf 86' lang='lat' dir='ltr'><strong>modernis</strong></span> <span class='ocrx_word' id='word_1_230' title='bbox 1237 4138 1409 4201; x_wconf 88' lang='lat' dir='ltr'><strong>rubricistis</strong></span> <span class='ocrx_word' id='word_1_231' title='bbox 1434 4141 1530 4218; x_wconf 86' lang='lat' dir='ltr'><strong>sint,</strong></span> <span class='ocrx_word' id='word_1_232' title='bbox 1567 4159 1604 4202; x_wconf 81' lang='lat' dir='ltr'><strong>ss</strong></span> 
     </span>
     <span class='ocr_line' id='line_1_38' title="bbox 223 4240 1607 4311; baseline 0.002 -2"><span class='ocrx_word' id='word_1_233' title='bbox 223 4244 280 4309; x_wconf 84' lang='lat' dir='ltr'><strong>Dei</strong></span> <span class='ocrx_word' id='word_1_234' title='bbox 301 4243 426 4308; x_wconf 75' lang='lat' dir='ltr'><strong>verbum</strong></span> <span class='ocrx_word' id='word_1_235' title='bbox 447 4255 648 4308; x_wconf 70' lang='lat' dir='ltr'><strong>convenerunt</strong></span> <span class='ocrx_word' id='word_1_236' title='bbox 667 4263 726 4305; x_wconf 78' lang='lat' dir='ltr'><strong>-z</strong></span> <span class='ocrx_word' id='word_1_237' title='bbox 748 4245 796 4307; x_wconf 85' lang='lat' dir='ltr'><strong>itu</strong></span> <span class='ocrx_word' id='word_1_238' title='bbox 819 4240 888 4304; x_wconf 83' lang='lat' dir='ltr'><strong>Ro·</strong></span> <span class='ocrx_word' id='word_1_239' title='bbox 914 4249 1048 4309; x_wconf 76' lang='lat' dir='ltr'><strong>revocari</strong></span> <span class='ocrx_word' id='word_1_240' title='bbox 1071 4245 1108 4308; x_wconf 84' lang='lat' dir='ltr'><strong>sd</strong></span> <span class='ocrx_word' id='word_1_241' title='bbox 1131 4249 1188 4306; x_wconf 81' lang='lat' dir='ltr'><strong>trin</strong></span> <span class='ocrx_word' id='word_1_242' title='bbox 1211 4245 1242 4306; x_wconf 82' lang='lat' dir='ltr'><strong>S·</strong></span> <span class='ocrx_word' id='word_1_243' title='bbox 1266 4244 1302 4308; x_wconf 86' lang='lat' dir='ltr'><strong>R.</strong></span> <span class='ocrx_word' id='word_1_244' title='bbox 1324 4244 1360 4308; x_wconf 84' lang='lat' dir='ltr'><strong>G.</strong></span> <span class='ocrx_word' id='word_1_245' title='bbox 1382 4244 1515 4311; x_wconf 83' lang='lat' dir='ltr'><strong>decreta</strong></span> <span class='ocrx_word' id='word_1_246' title='bbox 1543 4246 1607 4311; x_wconf 86' lang='lat' dir='ltr'><strong>de-</strong></span> 
     </span>
     <span class='ocr_line' id='line_1_39' title="bbox 220 4348 1607 4433; baseline 0.001 -17"><span class='ocrx_word' id='word_1_247' title='bbox 220 4352 472 4433; x_wconf 71' lang='lat' dir='ltr'><strong>minonem</strong></span> <span class='ocrx_word' id='word_1_248' title='bbox 494 4351 670 4415; x_wconf 68' lang='lat' dir='ltr'><strong>hodiernum</strong></span> <span class='ocrx_word' id='word_1_249' title='bbox 690 4348 771 4412; x_wconf 68' lang='lat' dir='ltr'><strong>dim</strong></span> <span class='ocrx_word' id='word_1_250' title='bbox 796 4365 888 4431; x_wconf 76' lang='lat' dir='ltr'><strong>quam</strong></span> <span class='ocrx_word' id='word_1_251' title='bbox 914 4352 984 4416; x_wconf 89' lang='lat' dir='ltr'><strong>bere</strong></span> <span class='ocrx_word' id='word_1_252' title='bbox 1006 4348 1121 4414; x_wconf 88' lang='lat' dir='ltr'><strong>scilicet</strong></span> <span class='ocrx_word' id='word_1_253' title='bbox 1146 4349 1184 4433; x_wconf 88' lang='lat' dir='ltr'><strong>i)</strong></span> <span class='ocrx_word' id='word_1_254' title='bbox 1207 4349 1245 4413; x_wconf 86' lang='lat' dir='ltr'><strong>sd</strong></span> <span class='ocrx_word' id='word_1_255' title='bbox 1268 4352 1418 4416; x_wconf 88' lang='lat' dir='ltr'><strong>decretum</strong></span> <span class='ocrx_word' id='word_1_256' title='bbox 1441 4353 1507 4420; x_wconf 79' lang='lat'><strong>19.</strong></span> <span class='ocrx_word' id='word_1_257' title='bbox 1530 4355 1607 4419; x_wconf 84' lang='lat' dir='ltr'><strong>Au-</strong></span> 
     </span>
     <span class='ocr_line' id='line_1_40' title="bbox 221 4454 1608 4539; baseline 0.005 -18"><span class='ocrx_word' id='word_1_258' title='bbox 221 4457 352 4521; x_wconf 75' lang='lat' dir='ltr'><strong>scust‘mc</strong></span> <span class='ocrx_word' id='word_1_259' title='bbox 362 4461 453 4521; x_wconf 75' lang='lat' dir='ltr'><strong>mni</strong></span> <span class='ocrx_word' id='word_1_260' title='bbox 463 4454 594 4522; x_wconf 81' lang='lat' dir='ltr'><strong>solliciti</strong></span> <span class='ocrx_word' id='word_1_261' title='bbox 605 4454 777 4538; x_wconf 71' lang='lat' dir='ltr'><strong>ritibusque</strong></span> <span class='ocrx_word' id='word_1_262' title='bbox 793 4460 888 4525; x_wconf 80' lang='lat' dir='ltr'><strong>tuso.-</strong></span> <span class='ocrx_word' id='word_1_263' title='bbox 915 4461 994 4537; x_wconf 82' lang='lat' dir='ltr'><strong>gusti</strong></span> <span class='ocrx_word' id='word_1_264' title='bbox 1008 4464 1109 4533; x_wconf 76' lang='lat'>16513</span> <span class='ocrx_word' id='word_1_265' title='bbox 1127 4456 1166 4539; x_wconf 82' lang='lat'><strong>2)</strong></span> <span class='ocrx_word' id='word_1_266' title='bbox 1183 4457 1219 4519; x_wconf 88' lang='lat' dir='ltr'><strong>ad</strong></span> <span class='ocrx_word' id='word_1_267' title='bbox 1229 4457 1307 4531; x_wconf 88' lang='lat' dir='ltr'><strong>decr,</strong></span> <span class='ocrx_word' id='word_1_268' title='bbox 1324 4465 1376 4525; x_wconf 81' lang='lat'><strong>22.</strong></span> <span class='ocrx_word' id='word_1_269' title='bbox 1391 4460 1463 4523; x_wconf 77' lang='lat' dir='ltr'><strong>dnn·</strong></span> <span class='ocrx_word' id='word_1_270' title='bbox 1487 4466 1608 4535; x_wconf 69' lang='lat' dir='ltr'><strong>wore</strong></span> 
     </span>
    </p>
   </div>
   <div class='ocr_carea' id='block_1_5' title="bbox 142 4562 1611 4867">
    <p class='ocr_par' dir='ltr' id='par_1_7' title="bbox 142 4562 1611 4867">
     <span class='ocr_line' id='line_1_41' title="bbox 222 4562 1574 4647; baseline 0.002 -20"><span class='ocrx_word' id='word_1_271' title='bbox 222 4562 272 4627; x_wconf 80' lang='lat' dir='ltr'><strong>dis</strong></span> <span class='ocrx_word' id='word_1_272' title='bbox 290 4565 452 4643; x_wconf 78' lang='lat' dir='ltr'><strong>praefecti</strong></span> <span class='ocrx_word' id='word_1_273' title='bbox 464 4564 582 4627; x_wconf 82' lang='lat' dir='ltr'><strong>Patres</strong></span> <span class='ocrx_word' id='word_1_274' title='bbox 604 4581 758 4645; x_wconf 72' lang='lat' dir='ltr'><strong>nunquam</strong></span> <span class='ocrx_word' id='word_1_275' title='bbox 773 4583 833 4626; x_wconf 80' lang='lat' dir='ltr'><strong>non</strong></span> <span class='ocrx_word' id='word_1_276' title='bbox 848 4583 886 4626; x_wconf 88' lang='lat' dir='ltr'><strong>eu</strong></span> <span class='ocrx_word' id='word_1_277' title='bbox 915 4575 944 4628; x_wconf 91' lang='lat' dir='ltr'><strong>et</strong></span> <span class='ocrx_word' id='word_1_278' title='bbox 966 4572 997 4630; x_wconf 81' lang='lat'><strong>3.</strong></span> <span class='ocrx_word' id='word_1_279' title='bbox 1021 4564 1059 4625; x_wconf 90' lang='lat' dir='ltr'><strong>ad</strong></span> <span class='ocrx_word' id='word_1_280' title='bbox 1082 4563 1193 4625; x_wconf 87' lang='lat' dir='ltr'><strong>decret.</strong></span> <span class='ocrx_word' id='word_1_281' title='bbox 1209 4570 1259 4631; x_wconf 82' lang='lat'><strong>18.</strong></span> <span class='ocrx_word' id='word_1_282' title='bbox 1284 4565 1423 4628; x_wconf 85' lang='lat' dir='ltr'><strong>Decemb.</strong></span> <span class='ocrx_word' id='word_1_283' title='bbox 1452 4572 1574 4647; x_wconf 78' lang='lat'><strong>1779.</strong></span> 
     </span>
     <span class='ocr_line' id='line_1_42' title="bbox 223 4668 1610 4757; baseline 0.01 -31"><span class='ocrx_word' id='word_1_284' title='bbox 223 4676 287 4746; x_wconf 73' lang='lat' dir='ltr'><strong>pass</strong></span> <span class='ocrx_word' id='word_1_285' title='bbox 310 4685 372 4743; x_wconf 76' lang='lat' dir='ltr'><strong>par</strong></span> <span class='ocrx_word' id='word_1_286' title='bbox 399 4673 470 4732; x_wconf 84' lang='lat' dir='ltr'><strong>crui</strong></span> <span class='ocrx_word' id='word_1_287' title='bbox 500 4689 575 4734; x_wconf 84' lang='lat' dir='ltr'><strong>curu</strong></span> <span class='ocrx_word' id='word_1_288' title='bbox 601 4668 818 4748; x_wconf 78' lang='lat' dir='ltr'><strong>prociderrmi,</strong></span> <span class='ocrx_word' id='word_1_289' title='bbox 850 4675 889 4734; x_wconf 89' lang='lat' dir='ltr'><strong>ut</strong></span> <span class='ocrx_word' id='word_1_290' title='bbox 979 4672 1048 4735; x_wconf 77' lang='lat' dir='ltr'><strong>dum</strong></span> <span class='ocrx_word' id='word_1_291' title='bbox 1071 4691 1143 4733; x_wconf 81' lang='lat' dir='ltr'><strong>vero</strong></span> <span class='ocrx_word' id='word_1_292' title='bbox 1167 4679 1200 4733; x_wconf 89' lang='lat' dir='ltr'><strong>ut</strong></span> <span class='ocrx_word' id='word_1_293' title='bbox 1222 4672 1258 4735; x_wconf 88' lang='lat' dir='ltr'><strong>ab</strong></span> <span class='ocrx_word' id='word_1_294' title='bbox 1282 4673 1376 4736; x_wconf 85' lang='lat' dir='ltr'><strong>altero</strong></span> <span class='ocrx_word' id='word_1_295' title='bbox 1399 4673 1546 4738; x_wconf 84' lang='lat' dir='ltr'><strong>decreto</strong></span> <span class='ocrx_word' id='word_1_296' title='bbox 1573 4673 1610 4757; x_wconf 81' lang='grc'><strong>1)</strong></span> 
     </span>
     <span class='ocr_line' id='line_1_43' title="bbox 142 4774 1611 4867; baseline 0.01 -38"><span class='ocrx_word' id='word_1_297' title='bbox 142 4834 146 4841; x_wconf 64' lang='grc'><strong>,</strong></span> <span class='ocrx_word' id='word_1_298' title='bbox 223 4774 313 4863; x_wconf 84' lang='lat' dir='ltr'><strong>suria</strong></span> <span class='ocrx_word' id='word_1_299' title='bbox 336 4788 451 4855; x_wconf 84' lang='lat' dir='ltr'><strong>semper</strong></span> <span class='ocrx_word' id='word_1_300' title='bbox 480 4778 622 4859; x_wconf 73' lang='lat' dir='ltr'><strong>tectaque</strong></span> <span class='ocrx_word' id='word_1_301' title='bbox 649 4780 786 4837; x_wconf 74' lang='lat' dir='ltr'><strong>moneret</strong></span> <span class='ocrx_word' id='word_1_302' title='bbox 814 4776 887 4839; x_wconf 83' lang='lat' dir='ltr'><strong>dt&#39;s-</strong></span> <span class='ocrx_word' id='word_1_303' title='bbox 906 4783 983 4867; x_wconf 54' lang='lat'><strong>0²·</strong></span> <span class='ocrx_word' id='word_1_304' title='bbox 1005 4778 1074 4840; x_wconf 78' lang='lat' dir='ltr'><strong>Jsu.</strong></span> <span class='ocrx_word' id='word_1_305' title='bbox 1100 4781 1200 4855; x_wconf 76' lang='lat'>1701)</span> <span class='ocrx_word' id='word_1_306' title='bbox 1223 4779 1418 4862; x_wconf 89' lang='lat' dir='ltr'><strong>incipiamus,</strong></span> <span class='ocrx_word' id='word_1_307' title='bbox 1447 4780 1492 4844; x_wconf 82' lang='lat' dir='ltr'><strong>id</strong></span> <span class='ocrx_word' id='word_1_308' title='bbox 1521 4783 1611 4845; x_wconf 76' lang='lat' dir='ltr'><strong>maio</strong></span> 
     </span>
    </p>
   </div>
   <div class='ocr_carea' id='block_1_6' title="bbox 927 4904 1435 4985">
    <p class='ocr_par' dir='ltr' id='par_1_8' title="bbox 927 4904 1435 4985">
     <span class='ocr_line' id='line_1_44' title="bbox 927 4904 1435 4985; baseline 0.014 -18"><span class='ocrx_word' id='word_1_309' title='bbox 927 4912 951 4981; x_wconf 85' lang='lat'><strong>¹)</strong></span> <span class='ocrx_word' id='word_1_310' title='bbox 966 4916 1019 4970; x_wconf 80' lang='lat' dir='ltr'><strong>cir.</strong></span> <span class='ocrx_word' id='word_1_311' title='bbox 1037 4919 1076 4971; x_wconf 84' lang='lat' dir='ltr'><strong>lis</strong></span> <span class='ocrx_word' id='word_1_312' title='bbox 1093 4919 1183 4972; x_wconf 86' lang='lat' dir='ltr'><strong>iisrdt.</strong></span> <span class='ocrx_word' id='word_1_313' title='bbox 1201 4921 1274 4976; x_wconf 80' lang='lat' dir='ltr'><strong>Tum.</strong></span> <span class='ocrx_word' id='word_1_314' title='bbox 1291 4920 1310 4971; x_wconf 82' lang='grc'><strong>1.</strong></span> <span class='ocrx_word' id='word_1_315' title='bbox 1329 4934 1355 4985; x_wconf 84' lang='lat' dir='ltr'><strong>p.</strong></span> <span class='ocrx_word' id='word_1_316' title='bbox 1372 4904 1435 4974; x_wconf 62' lang='lat' dir='ltr'><strong>sti.</strong></span> 
     </span>
    </p>
   </div>
   <div class='ocr_carea' id='block_1_7' title="bbox 0 0 1716 5224">
    <p class='ocr_par' dir='ltr' id='par_1_9' title="bbox 0 0 1716 5224">
     <span class='ocr_line' id='line_1_45' title="bbox 0 0 1716 5224; baseline 0 0"><span class='ocrx_word' id='word_1_317' title='bbox 0 0 1716 5224; x_wconf 95' lang='lat' dir='ltr'><strong> </strong></span> 
     </span>
    </p>
   </div>
  </div>
 </body>
</html>
