<?xml version="1.0" encoding="UTF-8"?>
<!DOCTYPE html PUBLIC "-//W3C//DTD XHTML 1.0 Transitional//EN"
    "http://www.w3.org/TR/xhtml1/DTD/xhtml1-transitional.dtd">
<html xmlns="http://www.w3.org/1999/xhtml" xml:lang="en" lang="en">
 <head>
  <title>
</title>
<meta http-equiv="Content-Type" content="text/html;charset=utf-8" />
  <meta name='ocr-system' content='tesseract 3.04.00' />
  <meta name='ocr-capabilities' content='ocr_page ocr_carea ocr_par ocr_line ocrx_word'/>
</head>
<body>
  <div class='ocr_page' id='page_1' title='image "./archivfrkatholi08jurigoog_0138.png"; bbox 0 0 3346 5216; ppageno 0'>
   <div class='ocr_carea' id='block_1_1' title="bbox 174 161 289 243">
    <p class='ocr_par' dir='ltr' id='par_1_1' title="bbox 174 161 289 243">
     <span class='ocr_line' id='line_1_1' title="bbox 174 161 289 243; baseline 0 0"><span class='ocrx_word' id='word_1_1' title='bbox 174 161 289 243; x_wconf 82' lang='lat' dir='ltr'>CXXX</span> 
     </span>
    </p>
   </div>
   <div class='ocr_carea' id='block_1_2' title="bbox 331 333 1526 505">
    <p class='ocr_par' dir='ltr' id='par_1_2' title="bbox 331 333 1526 505">
     <span class='ocr_line' id='line_1_2' title="bbox 332 333 1526 426; baseline -0.004 -22"><span class='ocrx_word' id='word_1_2' title='bbox 332 337 435 426; x_wconf 86' lang='lat' dir='ltr'>judice</span> <span class='ocrx_word' id='word_1_3' title='bbox 467 335 611 402; x_wconf 90' lang='lat' dir='ltr'>saeculari</span> <span class='ocrx_word' id='word_1_4' title='bbox 639 334 797 418; x_wconf 90' lang='lat' dir='ltr'>petendum</span> <span class='ocrx_word' id='word_1_5' title='bbox 827 340 892 415; x_wconf 86' lang='lat' dir='ltr'>est,</span> <span class='ocrx_word' id='word_1_6' title='bbox 928 341 960 396; x_wconf 95' lang='lat' dir='ltr'>ut</span> <span class='ocrx_word' id='word_1_7' title='bbox 990 334 1084 397; x_wconf 89' lang='lat' dir='ltr'>actori</span> <span class='ocrx_word' id='word_1_8' title='bbox 1113 333 1325 398; x_wconf 74' lang='lat' dir='ltr'><strong>habitationem</strong></span> <span class='ocrx_word' id='word_1_9' title='bbox 1357 342 1526 418; x_wconf 88' lang='lat' dir='ltr'>separatam</span> 
     </span>
     <span class='ocr_line' id='line_1_3' title="bbox 331 422 1348 505; baseline -0.006 -12"><span class='ocrx_word' id='word_1_10' title='bbox 331 437 361 493; x_wconf 92' lang='lat' dir='ltr'>et</span> <span class='ocrx_word' id='word_1_11' title='bbox 383 428 630 495; x_wconf 76' lang='lat' dir='ltr'>sustentationem</span> <span class='ocrx_word' id='word_1_12' title='bbox 652 425 809 487; x_wconf 86' lang='lat' dir='ltr'>honestam</span> <span class='ocrx_word' id='word_1_13' title='bbox 833 428 878 486; x_wconf 90' lang='lat' dir='ltr'>rei</span> <span class='ocrx_word' id='word_1_14' title='bbox 903 422 1045 505; x_wconf 73' lang='lat' dir='ltr'>impensis</span> <span class='ocrx_word' id='word_1_15' title='bbox 1066 423 1186 505; x_wconf 80' lang='lat' dir='ltr'>praevie</span> <span class='ocrx_word' id='word_1_16' title='bbox 1208 423 1348 505; x_wconf 82' lang='lat' dir='ltr'>assignet.</span> 
     </span>
    </p>
   </div>
   <div class='ocr_carea' id='block_1_3' title="bbox 859 710 990 788">
    <p class='ocr_par' dir='ltr' id='par_1_3' title="bbox 859 710 990 788">
     <span class='ocr_line' id='line_1_4' title="bbox 859 710 990 788; baseline -0.046 -16"><span class='ocrx_word' id='word_1_17' title='bbox 859 710 890 788; x_wconf 82' lang='lat'>§-</span> <span class='ocrx_word' id='word_1_18' title='bbox 913 712 990 772; x_wconf 79' lang='lat' dir='ltr'>aar.</span> 
     </span>
    </p>
   </div>
   <div class='ocr_carea' id='block_1_4' title="bbox 187 804 1529 987">
    <p class='ocr_par' dir='ltr' id='par_1_4' title="bbox 187 804 1529 987">
     <span class='ocr_line' id='line_1_5' title="bbox 188 804 1528 896; baseline 0.007 -28"><span class='ocrx_word' id='word_1_19' title='bbox 188 819 317 882; x_wconf 75' lang='lat' dir='ltr'>unauna·</span> <span class='ocrx_word' id='word_1_20' title='bbox 398 814 579 895; x_wconf 73' lang='lat' dir='ltr'>Episcopus,</span> <span class='ocrx_word' id='word_1_21' title='bbox 608 818 635 877; x_wconf 92' lang='lat' dir='ltr'>si</span> <span class='ocrx_word' id='word_1_22' title='bbox 663 833 719 896; x_wconf 89' lang='lat' dir='ltr'>pre</span> <span class='ocrx_word' id='word_1_23' title='bbox 741 830 830 876; x_wconf 89' lang='lat' dir='ltr'>casus</span> <span class='ocrx_word' id='word_1_24' title='bbox 853 822 959 876; x_wconf 89' lang='lat' dir='ltr'>natura</span> <span class='ocrx_word' id='word_1_25' title='bbox 981 816 1183 876; x_wconf 87' lang='lat' dir='ltr'>necessarium</span> <span class='ocrx_word' id='word_1_26' title='bbox 1207 811 1343 890; x_wconf 83' lang='lat' dir='ltr'>duxerit,</span> <span class='ocrx_word' id='word_1_27' title='bbox 1366 804 1528 879; x_wconf 88' lang='lat' dir='ltr'>ordinabit.</span> 
     </span>
     <span class='ocr_line' id='line_1_6' title="bbox 187 893 1529 987; baseline -0.002 -19"><span class='ocrx_word' id='word_1_28' title='bbox 187 893 317 941; x_wconf 56' lang='lat' dir='ltr'>&#39;mm&#39;</span> <span class='ocrx_word' id='word_1_29' title='bbox 333 915 383 981; x_wconf 87' lang='lat' dir='ltr'>ut,</span> <span class='ocrx_word' id='word_1_30' title='bbox 405 912 561 987; x_wconf 85' lang='lat' dir='ltr'>antequam</span> <span class='ocrx_word' id='word_1_31' title='bbox 584 904 732 967; x_wconf 88' lang='lat' dir='ltr'>sententia</span> <span class='ocrx_word' id='word_1_32' title='bbox 754 903 884 980; x_wconf 86' lang='lat' dir='ltr'>lerator,</span> <span class='ocrx_word' id='word_1_33' title='bbox 913 900 1045 964; x_wconf 88' lang='lat' dir='ltr'>tribunal</span> <span class='ocrx_word' id='word_1_34' title='bbox 1068 901 1298 980; x_wconf 80' lang='lat' dir='ltr'>matrimoniale,</span> <span class='ocrx_word' id='word_1_35' title='bbox 1322 922 1395 985; x_wconf 82' lang='lat' dir='ltr'>quiae</span> <span class='ocrx_word' id='word_1_36' title='bbox 1418 903 1529 967; x_wconf 91' lang='lat' dir='ltr'>decer-</span> 
     </span>
    </p>
   </div>
   <div class='ocr_carea' id='block_1_5' title="bbox 187 962 1064 1074">
    <p class='ocr_par' dir='ltr' id='par_1_5' title="bbox 187 962 1064 1074">
     <span class='ocr_line' id='line_1_7' title="bbox 187 962 1064 1074; baseline 0.035 -26"><span class='ocrx_word' id='word_1_37' title='bbox 187 962 319 1073; x_wconf 50' lang='lat' dir='ltr'>E⁹¹⁸⁰⁰pff</span> <span class='ocrx_word' id='word_1_38' title='bbox 332 994 430 1059; x_wconf 89' lang='lat' dir='ltr'>nenda</span> <span class='ocrx_word' id='word_1_39' title='bbox 451 1001 588 1069; x_wconf 90' lang='lat' dir='ltr'>censeat,</span> <span class='ocrx_word' id='word_1_40' title='bbox 611 993 672 1074; x_wconf 91' lang='lat' dir='ltr'>ipsi</span> <span class='ocrx_word' id='word_1_41' title='bbox 694 1001 850 1074; x_wconf 64' lang='lat' dir='ltr'>proponti·</span> <span class='ocrx_word' id='word_1_42' title='bbox 894 989 944 1071; x_wconf 85' lang='lat'>(§·</span> <span class='ocrx_word' id='word_1_43' title='bbox 971 989 1064 1072; x_wconf 79' lang='grc'>178·)</span> 
     </span>
    </p>
   </div>
   <div class='ocr_carea' id='block_1_6' title="bbox 766 1293 996 1371">
    <p class='ocr_par' dir='ltr' id='par_1_6' title="bbox 766 1293 996 1371">
     <span class='ocr_line' id='line_1_8' title="bbox 766 1293 996 1371; baseline -0.026 -15"><span class='ocrx_word' id='word_1_44' title='bbox 766 1302 770 1309; x_wconf 62' lang='grc'>’</span> <span class='ocrx_word' id='word_1_45' title='bbox 865 1293 895 1371; x_wconf 83' lang='lat'>§-</span> <span class='ocrx_word' id='word_1_46' title='bbox 921 1294 996 1356; x_wconf 78' lang='lat' dir='ltr'>aaa.</span> 
     </span>
    </p>
   </div>
   <div class='ocr_carea' id='block_1_7' title="bbox 168 1391 1530 1925">
    <p class='ocr_par' dir='ltr' id='par_1_7' title="bbox 180 1391 1530 1482">
     <span class='ocr_line' id='line_1_9' title="bbox 180 1391 1530 1482; baseline 0.006 -27"><span class='ocrx_word' id='word_1_47' title='bbox 180 1406 313 1468; x_wconf 77' lang='lat' dir='ltr'>Quaenam</span> <span class='ocrx_word' id='word_1_48' title='bbox 397 1391 512 1477; x_wconf 78' lang='lat' dir='ltr'>Quavis</span> <span class='ocrx_word' id='word_1_49' title='bbox 534 1396 680 1460; x_wconf 89' lang='lat' dir='ltr'>sententia</span> <span class='ocrx_word' id='word_1_50' title='bbox 694 1395 1136 1479; x_wconf 81' lang='lat' dir='ltr'>separatienemprenaatiaate</span> <span class='ocrx_word' id='word_1_51' title='bbox 1159 1398 1386 1482; x_wconf 80' lang='lat' dir='ltr'>exprimendum</span> <span class='ocrx_word' id='word_1_52' title='bbox 1409 1406 1465 1476; x_wconf 86' lang='lat' dir='ltr'>est,</span> <span class='ocrx_word' id='word_1_53' title='bbox 1488 1420 1530 1463; x_wconf 90' lang='lat' dir='ltr'>an</span> 
     </span>
    </p>

    <p class='ocr_par' dir='ltr' id='par_1_8' title="bbox 168 1481 1530 1569">
     <span class='ocr_line' id='line_1_10' title="bbox 168 1481 1530 1569; baseline 0.001 -19"><span class='ocrx_word' id='word_1_54' title='bbox 168 1482 196 1528; x_wconf 70' lang='lat'>¹³</span> <span class='ocrx_word' id='word_1_55' title='bbox 218 1481 421 1551; x_wconf 52' lang='lat' dir='ltr'>&#39;immensa</span> <span class='ocrx_word' id='word_1_56' title='bbox 443 1488 657 1569; x_wconf 76' lang='lat' dir='ltr'>separationis,</span> <span class='ocrx_word' id='word_1_57' title='bbox 682 1493 826 1568; x_wconf 86' lang='lat' dir='ltr'>quatenus</span> <span class='ocrx_word' id='word_1_58' title='bbox 851 1487 933 1566; x_wconf 90' lang='lat' dir='ltr'>culpa</span> <span class='ocrx_word' id='word_1_59' title='bbox 956 1490 982 1546; x_wconf 91' lang='lat' dir='ltr'>ei</span> <span class='ocrx_word' id='word_1_60' title='bbox 1004 1489 1093 1557; x_wconf 82' lang='lat' dir='ltr'>insit,</span> <span class='ocrx_word' id='word_1_61' title='bbox 1118 1492 1169 1549; x_wconf 82' lang='lat' dir='ltr'>arni</span> <span class='ocrx_word' id='word_1_62' title='bbox 1186 1497 1299 1551; x_wconf 87' lang='lat' dir='ltr'>tautum</span> <span class='ocrx_word' id='word_1_63' title='bbox 1314 1487 1360 1549; x_wconf 90' lang='lat' dir='ltr'>vel</span> <span class='ocrx_word' id='word_1_64' title='bbox 1385 1487 1530 1551; x_wconf 85' lang='lat' dir='ltr'>ambabus</span> 
     </span>
    </p>

    <p class='ocr_par' dir='ltr' id='par_1_9' title="bbox 168 1550 1530 1925">
     <span class='ocr_line' id='line_1_11' title="bbox 168 1550 1530 1670; baseline 0 -31"><span class='ocrx_word' id='word_1_65' title='bbox 168 1550 464 1670; x_wconf 48' lang='lat' dir='ltr'>”zefflfflpartibus</span> <span class='ocrx_word' id='word_1_66' title='bbox 492 1576 632 1657; x_wconf 88' lang='lat' dir='ltr'>imputari</span> <span class='ocrx_word' id='word_1_67' title='bbox 660 1574 773 1640; x_wconf 84' lang='lat' dir='ltr'>debeat.</span> <span class='ocrx_word' id='word_1_68' title='bbox 817 1568 935 1654; x_wconf 78' lang='lat' dir='ltr'>Quodsi</span> <span class='ocrx_word' id='word_1_69' title='bbox 964 1593 1004 1636; x_wconf 87' lang='lat' dir='ltr'>ex</span> <span class='ocrx_word' id='word_1_70' title='bbox 1027 1578 1156 1656; x_wconf 86' lang='lat' dir='ltr'>peractis</span> <span class='ocrx_word' id='word_1_71' title='bbox 1179 1575 1308 1654; x_wconf 89' lang='lat' dir='ltr'>eluceat,</span> <span class='ocrx_word' id='word_1_72' title='bbox 1340 1584 1455 1658; x_wconf 87' lang='lat' dir='ltr'>patrem</span> <span class='ocrx_word' id='word_1_73' title='bbox 1478 1572 1530 1639; x_wconf 82' lang='lat' dir='ltr'>vel</span> 
     </span>
     <span class='ocr_line' id='line_1_12' title="bbox 330 1661 1529 1752; baseline 0 -23"><span class='ocrx_word' id='word_1_74' title='bbox 330 1675 452 1730; x_wconf 86' lang='lat' dir='ltr'>matrem</span> <span class='ocrx_word' id='word_1_75' title='bbox 475 1675 598 1747; x_wconf 88' lang='lat' dir='ltr'>propter</span> <span class='ocrx_word' id='word_1_76' title='bbox 620 1663 753 1727; x_wconf 87' lang='lat' dir='ltr'>deiectus</span> <span class='ocrx_word' id='word_1_77' title='bbox 777 1661 911 1727; x_wconf 90' lang='lat' dir='ltr'>morales</span> <span class='ocrx_word' id='word_1_78' title='bbox 934 1683 993 1726; x_wconf 91' lang='lat' dir='ltr'>nou</span> <span class='ocrx_word' id='word_1_79' title='bbox 1017 1682 1070 1727; x_wconf 89' lang='lat' dir='ltr'>eos</span> <span class='ocrx_word' id='word_1_80' title='bbox 1090 1685 1173 1739; x_wconf 89' lang='lat' dir='ltr'>esse,</span> <span class='ocrx_word' id='word_1_81' title='bbox 1199 1668 1247 1749; x_wconf 86' lang='lat' dir='ltr'>qul</span> <span class='ocrx_word' id='word_1_82' title='bbox 1266 1664 1319 1752; x_wconf 91' lang='lat' dir='ltr'>jus</span> <span class='ocrx_word' id='word_1_83' title='bbox 1342 1665 1529 1729; x_wconf 60' lang='lat' dir='ltr'>macedonis</span> 
     </span>
     <span class='ocr_line' id='line_1_13' title="bbox 327 1751 1530 1838; baseline 0 -19"><span class='ocrx_word' id='word_1_84' title='bbox 327 1758 365 1819; x_wconf 91' lang='lat' dir='ltr'>iis</span> <span class='ocrx_word' id='word_1_85' title='bbox 394 1764 567 1835; x_wconf 90' lang='lat' dir='ltr'>competens</span> <span class='ocrx_word' id='word_1_86' title='bbox 596 1758 626 1816; x_wconf 91' lang='lat' dir='ltr'>in</span> <span class='ocrx_word' id='word_1_87' title='bbox 649 1751 811 1816; x_wconf 87' lang='lat' dir='ltr'>liberorum</span> <span class='ocrx_word' id='word_1_88' title='bbox 833 1754 957 1816; x_wconf 87' lang='lat' dir='ltr'>salutem</span> <span class='ocrx_word' id='word_1_89' title='bbox 980 1770 1122 1818; x_wconf 84' lang='lat' dir='ltr'>exercere</span> <span class='ocrx_word' id='word_1_90' title='bbox 1144 1757 1277 1836; x_wconf 83' lang='lat' dir='ltr'>possint,</span> <span class='ocrx_word' id='word_1_91' title='bbox 1308 1754 1389 1819; x_wconf 92' lang='lat' dir='ltr'>istud</span> <span class='ocrx_word' id='word_1_92' title='bbox 1412 1774 1530 1838; x_wconf 82' lang='lat' dir='ltr'>quoque</span> 
     </span>
     <span class='ocr_line' id='line_1_14' title="bbox 331 1844 755 1925; baseline -0.012 -19"><span class='ocrx_word' id='word_1_93' title='bbox 331 1844 362 1908; x_wconf 91' lang='lat' dir='ltr'>in</span> <span class='ocrx_word' id='word_1_94' title='bbox 386 1845 532 1908; x_wconf 89' lang='lat' dir='ltr'>sententia</span> <span class='ocrx_word' id='word_1_95' title='bbox 559 1845 755 1925; x_wconf 81' lang='lat' dir='ltr'>exprimatur.</span> 
     </span>
    </p>
   </div>
   <div class='ocr_carea' id='block_1_8' title="bbox 863 2040 992 2119">
    <p class='ocr_par' dir='ltr' id='par_1_10' title="bbox 863 2040 992 2119">
     <span class='ocr_line' id='line_1_15' title="bbox 863 2040 992 2119; baseline -0.016 -16"><span class='ocrx_word' id='word_1_96' title='bbox 863 2040 893 2119; x_wconf 72' lang='lat' dir='ltr'>e</span> <span class='ocrx_word' id='word_1_97' title='bbox 915 2042 992 2104; x_wconf 80' lang='lat' dir='ltr'>aaa.</span> 
     </span>
    </p>
   </div>
   <div class='ocr_carea' id='block_1_9' title="bbox 167 2139 1532 2315">
    <p class='ocr_par' dir='ltr' id='par_1_11' title="bbox 167 2139 1532 2315">
     <span class='ocr_line' id='line_1_16' title="bbox 167 2139 1532 2231; baseline 0.005 -28"><span class='ocrx_word' id='word_1_98' title='bbox 167 2153 330 2217; x_wconf 81' lang='lat' dir='ltr'>appellatio·</span> <span class='ocrx_word' id='word_1_99' title='bbox 396 2144 424 2210; x_wconf 79' lang='lat' dir='ltr'>A</span> <span class='ocrx_word' id='word_1_100' title='bbox 447 2144 599 2207; x_wconf 79' lang='lat' dir='ltr'>decisione</span> <span class='ocrx_word' id='word_1_101' title='bbox 622 2139 782 2207; x_wconf 88' lang='lat' dir='ltr'>tribunalis</span> <span class='ocrx_word' id='word_1_102' title='bbox 801 2145 1028 2208; x_wconf 91' lang='lat' dir='ltr'>matrimonialis</span> <span class='ocrx_word' id='word_1_103' title='bbox 1045 2142 1167 2231; x_wconf 87' lang='lat' dir='ltr'>conjux,</span> <span class='ocrx_word' id='word_1_104' title='bbox 1190 2144 1239 2227; x_wconf 87' lang='lat' dir='ltr'>qui</span> <span class='ocrx_word' id='word_1_105' title='bbox 1261 2164 1298 2208; x_wconf 90' lang='lat' dir='ltr'>ea</span> <span class='ocrx_word' id='word_1_106' title='bbox 1319 2164 1351 2207; x_wconf 86' lang='lat' dir='ltr'>se</span> <span class='ocrx_word' id='word_1_107' title='bbox 1373 2150 1532 2224; x_wconf 81' lang='lat' dir='ltr'>gravatum</span> 
     </span>
     <span class='ocr_line' id='line_1_17' title="bbox 202 2229 1531 2315; baseline -0.002 -17"><span class='ocrx_word' id='word_1_108' title='bbox 202 2238 250 2275; x_wconf 78' lang='lat'>¹¹⁰⁸</span> <span class='ocrx_word' id='word_1_109' title='bbox 269 2229 297 2276; x_wconf 84' lang='lat'>¹¹¹</span> <span class='ocrx_word' id='word_1_110' title='bbox 331 2235 503 2307; x_wconf 86' lang='lat' dir='ltr'>arbitretur,</span> <span class='ocrx_word' id='word_1_111' title='bbox 526 2234 564 2296; x_wconf 93' lang='lat' dir='ltr'>ad</span> <span class='ocrx_word' id='word_1_112' title='bbox 588 2233 748 2296; x_wconf 88' lang='lat' dir='ltr'>secundam</span> <span class='ocrx_word' id='word_1_113' title='bbox 771 2233 945 2299; x_wconf 84' lang='lat' dir='ltr'>instantiam</span> <span class='ocrx_word' id='word_1_114' title='bbox 965 2253 1130 2314; x_wconf 87' lang='lat' dir='ltr'>provocare</span> <span class='ocrx_word' id='word_1_115' title='bbox 1152 2244 1262 2315; x_wconf 88' lang='lat' dir='ltr'>potest.</span> <span class='ocrx_word' id='word_1_116' title='bbox 1308 2234 1429 2297; x_wconf 86' lang='lat' dir='ltr'>Duabus</span> <span class='ocrx_word' id='word_1_117' title='bbox 1452 2254 1531 2297; x_wconf 90' lang='lat' dir='ltr'>sen-</span> 
     </span>
    </p>
   </div>
   <div class='ocr_carea' id='block_1_10' title="bbox 166 2309 1505 2431">
    <p class='ocr_par' dir='ltr' id='par_1_12' title="bbox 166 2309 1505 2431">
     <span class='ocr_line' id='line_1_18' title="bbox 166 2309 1505 2431; baseline 0.01 -52"><span class='ocrx_word' id='word_1_118' title='bbox 166 2309 317 2431; x_wconf 53' lang='lat' dir='ltr'>ffi&#39;offi</span> <span class='ocrx_word' id='word_1_119' title='bbox 330 2322 434 2388; x_wconf 87' lang='lat' dir='ltr'>tentiis</span> <span class='ocrx_word' id='word_1_120' title='bbox 458 2323 662 2386; x_wconf 77' lang='lat' dir='ltr'>conformibus</span> <span class='ocrx_word' id='word_1_121' title='bbox 685 2320 755 2385; x_wconf 87' lang='lat' dir='ltr'>latis</span> <span class='ocrx_word' id='word_1_122' title='bbox 778 2321 914 2387; x_wconf 89' lang='lat' dir='ltr'>ulteriori</span> <span class='ocrx_word' id='word_1_123' title='bbox 935 2322 1129 2406; x_wconf 85' lang='lat' dir='ltr'>appellationi</span> <span class='ocrx_word' id='word_1_124' title='bbox 1153 2321 1238 2387; x_wconf 90' lang='lat' dir='ltr'>iocus</span> <span class='ocrx_word' id='word_1_125' title='bbox 1260 2323 1338 2389; x_wconf 87' lang='lat' dir='ltr'>haud</span> <span class='ocrx_word' id='word_1_126' title='bbox 1360 2333 1505 2405; x_wconf 76' lang='lat' dir='ltr'>superest·</span> 
     </span>
    </p>
   </div>
   <div class='ocr_carea' id='block_1_11' title="bbox 849 2521 980 2601">
    <p class='ocr_par' dir='ltr' id='par_1_13' title="bbox 849 2521 980 2601">
     <span class='ocr_line' id='line_1_19' title="bbox 849 2521 980 2601; baseline -0.031 -15"><span class='ocrx_word' id='word_1_127' title='bbox 849 2521 879 2601; x_wconf 75' lang='lat'>§-</span> <span class='ocrx_word' id='word_1_128' title='bbox 904 2525 980 2587; x_wconf 77' lang='lat' dir='ltr'>uuo.</span> 
     </span>
    </p>
   </div>
   <div class='ocr_carea' id='block_1_12' title="bbox 328 2616 1528 2978">
    <p class='ocr_par' dir='ltr' id='par_1_14' title="bbox 328 2616 1528 2978">
     <span class='ocr_line' id='line_1_20' title="bbox 395 2616 1527 2709; baseline 0.001 -20"><span class='ocrx_word' id='word_1_129' title='bbox 395 2627 546 2690; x_wconf 83' lang='lat' dir='ltr'>Sententia</span> <span class='ocrx_word' id='word_1_130' title='bbox 564 2624 601 2688; x_wconf 91' lang='lat' dir='ltr'>de</span> <span class='ocrx_word' id='word_1_131' title='bbox 624 2616 810 2705; x_wconf 87' lang='lat' dir='ltr'>separatione</span> <span class='ocrx_word' id='word_1_132' title='bbox 832 2646 849 2689; x_wconf 91' lang='lat' dir='ltr'>a</span> <span class='ocrx_word' id='word_1_133' title='bbox 873 2625 960 2689; x_wconf 84' lang='lat' dir='ltr'>tloro</span> <span class='ocrx_word' id='word_1_134' title='bbox 982 2635 1011 2689; x_wconf 87' lang='lat' dir='ltr'>et</span> <span class='ocrx_word' id='word_1_135' title='bbox 1027 2645 1129 2691; x_wconf 88' lang='lat' dir='ltr'>mensa</span> <span class='ocrx_word' id='word_1_136' title='bbox 1151 2627 1342 2709; x_wconf 89' lang='lat' dir='ltr'>pronuntiate</span> <span class='ocrx_word' id='word_1_137' title='bbox 1363 2623 1446 2689; x_wconf 89' lang='lat' dir='ltr'>nulla</span> <span class='ocrx_word' id='word_1_138' title='bbox 1467 2636 1527 2703; x_wconf 91' lang='lat' dir='ltr'>est,</span> 
     </span>
     <span class='ocr_line' id='line_1_21' title="bbox 329 2713 1526 2800; baseline -0.001 -20"><span class='ocrx_word' id='word_1_139' title='bbox 329 2715 356 2781; x_wconf 91' lang='lat' dir='ltr'>si</span> <span class='ocrx_word' id='word_1_140' title='bbox 378 2735 396 2779; x_wconf 92' lang='lat' dir='ltr'>a</span> <span class='ocrx_word' id='word_1_141' title='bbox 408 2713 510 2800; x_wconf 90' lang='lat' dir='ltr'>judice</span> <span class='ocrx_word' id='word_1_142' title='bbox 532 2734 592 2777; x_wconf 89' lang='lat' dir='ltr'>nun</span> <span class='ocrx_word' id='word_1_143' title='bbox 609 2723 792 2795; x_wconf 85' lang='lat' dir='ltr'>competente</span> <span class='ocrx_word' id='word_1_144' title='bbox 815 2716 874 2777; x_wconf 91' lang='lat' dir='ltr'>lata</span> <span class='ocrx_word' id='word_1_145' title='bbox 897 2713 945 2779; x_wconf 85' lang='lat' dir='ltr'>vel</span> <span class='ocrx_word' id='word_1_146' title='bbox 966 2724 1050 2778; x_wconf 92' lang='lat' dir='ltr'>actus</span> <span class='ocrx_word' id='word_1_147' title='bbox 1069 2715 1178 2799; x_wconf 90' lang='lat' dir='ltr'>judicii</span> <span class='ocrx_word' id='word_1_148' title='bbox 1201 2715 1371 2779; x_wconf 88' lang='lat' dir='ltr'>essentialis</span> <span class='ocrx_word' id='word_1_149' title='bbox 1395 2716 1526 2779; x_wconf 89' lang='lat' dir='ltr'>omissus</span> 
     </span>
     <span class='ocr_line' id='line_1_22' title="bbox 328 2800 1528 2883; baseline 0 -15"><span class='ocrx_word' id='word_1_150' title='bbox 328 2806 427 2869; x_wconf 86' lang='lat' dir='ltr'>luerit.</span> <span class='ocrx_word' id='word_1_151' title='bbox 466 2803 578 2869; x_wconf 84' lang='lat' dir='ltr'>Caussa</span> <span class='ocrx_word' id='word_1_152' title='bbox 601 2800 748 2869; x_wconf 88' lang='lat' dir='ltr'>nullitatis</span> <span class='ocrx_word' id='word_1_153' title='bbox 769 2804 929 2869; x_wconf 87' lang='lat' dir='ltr'>secundum</span> <span class='ocrx_word' id='word_1_154' title='bbox 953 2803 1262 2883; x_wconf 74' lang='lat' dir='ltr'>normasi.§·187.</span> <span class='ocrx_word' id='word_1_155' title='bbox 1289 2802 1352 2871; x_wconf 86' lang='grc'>188</span> <span class='ocrx_word' id='word_1_156' title='bbox 1375 2802 1528 2868; x_wconf 86' lang='lat' dir='ltr'>stabilitas</span> 
     </span>
     <span class='ocr_line' id='line_1_23' title="bbox 328 2894 650 2978; baseline -0.019 -19"><span class='ocrx_word' id='word_1_157' title='bbox 328 2894 537 2978; x_wconf 88' lang='lat' dir='ltr'>pertractanda</span> <span class='ocrx_word' id='word_1_158' title='bbox 559 2894 650 2957; x_wconf 89' lang='lat' dir='ltr'>venit.</span> 
     </span>
    </p>
   </div>
   <div class='ocr_carea' id='block_1_13' title="bbox 859 3089 990 3159">
    <p class='ocr_par' dir='ltr' id='par_1_15' title="bbox 859 3089 990 3159">
     <span class='ocr_line' id='line_1_24' title="bbox 859 3089 990 3159; baseline -0.061 0"><span class='ocrx_word' id='word_1_159' title='bbox 859 3090 890 3159; x_wconf 76' lang='lat' dir='ltr'>i.</span> <span class='ocrx_word' id='word_1_160' title='bbox 914 3089 990 3155; x_wconf 72' lang='lat' dir='ltr'>tul.</span> 
     </span>
    </p>
   </div>
   <div class='ocr_carea' id='block_1_14' title="bbox 168 3189 1533 3724">
    <p class='ocr_par' dir='ltr' id='par_1_16' title="bbox 168 3189 1533 3724">
     <span class='ocr_line' id='line_1_25' title="bbox 187 3189 1526 3279; baseline 0 -21"><span class='ocrx_word' id='word_1_161' title='bbox 187 3207 318 3269; x_wconf 79' lang='lat' dir='ltr'>unorum·</span> <span class='ocrx_word' id='word_1_162' title='bbox 398 3189 488 3273; x_wconf 79' lang='lat' dir='ltr'>Quod</span> <span class='ocrx_word' id='word_1_163' title='bbox 525 3192 669 3279; x_wconf 88' lang='lat' dir='ltr'>conjuges</span> <span class='ocrx_word' id='word_1_164' title='bbox 705 3194 737 3257; x_wconf 91' lang='lat' dir='ltr'>in</span> <span class='ocrx_word' id='word_1_165' title='bbox 767 3196 845 3259; x_wconf 87' lang='lat' dir='ltr'>vitae</span> <span class='ocrx_word' id='word_1_166' title='bbox 875 3199 1057 3259; x_wconf 87' lang='lat' dir='ltr'>consortium</span> <span class='ocrx_word' id='word_1_167' title='bbox 1088 3193 1263 3257; x_wconf 85' lang='lat' dir='ltr'>soluendum</span> <span class='ocrx_word' id='word_1_168' title='bbox 1293 3198 1526 3271; x_wconf 85' lang='lat' dir='ltr'>cousensuerint,</span> 
     </span>
     <span class='ocr_line' id='line_1_26' title="bbox 168 3280 1526 3366; baseline -0.001 -19"><span class='ocrx_word' id='word_1_169' title='bbox 168 3292 229 3330; x_wconf 68' lang='grc' dir='ltr'><strong>Μ</strong></span> <span class='ocrx_word' id='word_1_170' title='bbox 250 3280 318 3330; x_wconf 65' lang='lat'>¹⁸⁰⁰</span> <span class='ocrx_word' id='word_1_171' title='bbox 333 3281 497 3364; x_wconf 84' lang='lat' dir='ltr'>legitimam</span> <span class='ocrx_word' id='word_1_172' title='bbox 521 3282 719 3366; x_wconf 81' lang='lat' dir='ltr'>separationis</span> <span class='ocrx_word' id='word_1_173' title='bbox 742 3283 944 3347; x_wconf 86' lang='lat' dir='ltr'>decernendae</span> <span class='ocrx_word' id='word_1_174' title='bbox 967 3303 1085 3347; x_wconf 87' lang='lat' dir='ltr'>eausam</span> <span class='ocrx_word' id='word_1_175' title='bbox 1107 3304 1168 3347; x_wconf 93' lang='lat' dir='ltr'>non</span> <span class='ocrx_word' id='word_1_176' title='bbox 1191 3284 1411 3346; x_wconf 87' lang='lat' dir='ltr'>subministrat.</span> <span class='ocrx_word' id='word_1_177' title='bbox 1465 3285 1526 3347; x_wconf 83' lang='lat' dir='ltr'>At-</span> 
     </span>
     <span class='ocr_line' id='line_1_27' title="bbox 185 3350 1533 3454; baseline 0 -18"><span class='ocrx_word' id='word_1_178' title='bbox 185 3350 310 3401; x_wconf 71' lang='lat'>¹²⁸¹³⁰¹¹⁶⁸·</span> <span class='ocrx_word' id='word_1_179' title='bbox 332 3383 429 3436; x_wconf 69' lang='lat' dir='ltr'>umen</span> <span class='ocrx_word' id='word_1_180' title='bbox 459 3372 658 3435; x_wconf 77' lang='lat' dir='ltr'>formalitates</span> <span class='ocrx_word' id='word_1_181' title='bbox 687 3384 805 3454; x_wconf 89' lang='lat' dir='ltr'>praeter</span> <span class='ocrx_word' id='word_1_182' title='bbox 835 3372 970 3437; x_wconf 87' lang='lat' dir='ltr'>absolute</span> <span class='ocrx_word' id='word_1_183' title='bbox 999 3378 1185 3435; x_wconf 88' lang='lat' dir='ltr'>necessarias</span> <span class='ocrx_word' id='word_1_184' title='bbox 1217 3383 1338 3436; x_wconf 88' lang='lat' dir='ltr'>cunetae</span> <span class='ocrx_word' id='word_1_185' title='bbox 1365 3393 1400 3435; x_wconf 92' lang='lat' dir='ltr'>eo</span> <span class='ocrx_word' id='word_1_186' title='bbox 1430 3375 1533 3454; x_wconf 86' lang='lat' dir='ltr'>magia</span> 
     </span>
     <span class='ocr_line' id='line_1_28' title="bbox 328 3460 1528 3548; baseline -0.001 -23"><span class='ocrx_word' id='word_1_187' title='bbox 328 3461 465 3525; x_wconf 74' lang='lat' dir='ltr'>vimndae</span> <span class='ocrx_word' id='word_1_188' title='bbox 489 3470 568 3538; x_wconf 88' lang='lat' dir='ltr'>sunt,</span> <span class='ocrx_word' id='word_1_189' title='bbox 593 3460 671 3545; x_wconf 85' lang='lat' dir='ltr'>quod</span> <span class='ocrx_word' id='word_1_190' title='bbox 688 3464 804 3526; x_wconf 87' lang='lat' dir='ltr'>autibus</span> <span class='ocrx_word' id='word_1_191' title='bbox 816 3462 1011 3548; x_wconf 87' lang='lat' dir='ltr'>judicialibus</span> <span class='ocrx_word' id='word_1_192' title='bbox 1025 3467 1191 3525; x_wconf 90' lang='lat' dir='ltr'>animorum</span> <span class='ocrx_word' id='word_1_193' title='bbox 1206 3462 1395 3526; x_wconf 84' lang='lat' dir='ltr'>exacerbatio</span> <span class='ocrx_word' id='word_1_194' title='bbox 1411 3468 1528 3543; x_wconf 87' lang='lat' dir='ltr'>augeri,</span> 
     </span>
     <span class='ocr_line' id='line_1_29' title="bbox 327 3548 1529 3633; baseline 0.001 -19"><span class='ocrx_word' id='word_1_195' title='bbox 327 3560 356 3614; x_wconf 90' lang='lat' dir='ltr'>et</span> <span class='ocrx_word' id='word_1_196' title='bbox 386 3548 589 3614; x_wconf 82' lang='lat' dir='ltr'>reconciliatio</span> <span class='ocrx_word' id='word_1_197' title='bbox 619 3548 772 3614; x_wconf 83' lang='lat' dir='ltr'>difficilior</span> <span class='ocrx_word' id='word_1_198' title='bbox 802 3550 888 3616; x_wconf 88' lang='lat' dir='ltr'>reddi</span> <span class='ocrx_word' id='word_1_199' title='bbox 917 3550 1022 3615; x_wconf 80' lang='lat' dir='ltr'>soleat.</span> <span class='ocrx_word' id='word_1_200' title='bbox 1069 3552 1196 3633; x_wconf 91' lang='lat' dir='ltr'>insuper</span> <span class='ocrx_word' id='word_1_201' title='bbox 1225 3552 1321 3615; x_wconf 84' lang='lat' dir='ltr'>ismae</span> <span class='ocrx_word' id='word_1_202' title='bbox 1344 3555 1473 3632; x_wconf 89' lang='lat' dir='ltr'>partium</span> <span class='ocrx_word' id='word_1_203' title='bbox 1496 3563 1529 3615; x_wconf 94' lang='lat' dir='ltr'>et</span> 
     </span>
     <span class='ocr_line' id='line_1_30' title="bbox 326 3638 1528 3724; baseline 0 -20"><span class='ocrx_word' id='word_1_204' title='bbox 326 3638 506 3704; x_wconf 82' lang='lat' dir='ltr'>familiarum</span> <span class='ocrx_word' id='word_1_205' title='bbox 522 3659 651 3713; x_wconf 86' lang='lat' dir='ltr'>suarum,</span> <span class='ocrx_word' id='word_1_206' title='bbox 676 3650 815 3724; x_wconf 88' lang='lat' dir='ltr'>quantum</span> <span class='ocrx_word' id='word_1_207' title='bbox 840 3642 908 3707; x_wconf 87' lang='lat' dir='ltr'>linis</span> <span class='ocrx_word' id='word_1_208' title='bbox 931 3645 1008 3704; x_wconf 91' lang='lat' dir='ltr'>ratio</span> <span class='ocrx_word' id='word_1_209' title='bbox 1023 3645 1182 3722; x_wconf 88' lang='lat' dir='ltr'>permittit,</span> <span class='ocrx_word' id='word_1_210' title='bbox 1205 3642 1377 3706; x_wconf 89' lang='lat' dir='ltr'>consulatur</span> <span class='ocrx_word' id='word_1_211' title='bbox 1398 3650 1528 3723; x_wconf 85' lang='lat' dir='ltr'>opertet.</span> 
     </span>
    </p>
   </div>
   <div class='ocr_carea' id='block_1_15' title="bbox 866 3924 995 4003">
    <p class='ocr_par' dir='ltr' id='par_1_17' title="bbox 866 3924 995 4003">
     <span class='ocr_line' id='line_1_31' title="bbox 866 3924 995 4003; baseline -0.039 -12"><span class='ocrx_word' id='word_1_212' title='bbox 866 3924 895 4003; x_wconf 79' lang='lat'>§-</span> <span class='ocrx_word' id='word_1_213' title='bbox 921 3929 995 3991; x_wconf 70' lang='lat'>242.</span> 
     </span>
    </p>
   </div>
   <div class='ocr_carea' id='block_1_16' title="bbox 166 4029 1558 4562">
    <p class='ocr_par' dir='ltr' id='par_1_18' title="bbox 166 4029 1558 4562">
     <span class='ocr_line' id='line_1_32' title="bbox 166 4029 1529 4116; baseline -0.001 -19"><span class='ocrx_word' id='word_1_214' title='bbox 166 4047 256 4097; x_wconf 74' lang='lat' dir='ltr'>nouus</span> <span class='ocrx_word' id='word_1_215' title='bbox 273 4058 320 4095; x_wconf 85' lang='lat' dir='ltr'>ae·</span> <span class='ocrx_word' id='word_1_216' title='bbox 395 4029 521 4113; x_wconf 78' lang='lat' dir='ltr'>Quando</span> <span class='ocrx_word' id='word_1_217' title='bbox 545 4051 696 4115; x_wconf 86' lang='lat' dir='ltr'>unapars</span> <span class='ocrx_word' id='word_1_218' title='bbox 719 4031 756 4094; x_wconf 89' lang='lat' dir='ltr'>ad</span> <span class='ocrx_word' id='word_1_219' title='bbox 779 4033 858 4098; x_wconf 86' lang='lat' dir='ltr'>iacta</span> <span class='ocrx_word' id='word_1_220' title='bbox 880 4041 1032 4116; x_wconf 85' lang='lat' dir='ltr'>provocet,</span> <span class='ocrx_word' id='word_1_221' title='bbox 1057 4052 1131 4116; x_wconf 87' lang='lat' dir='ltr'>quae</span> <span class='ocrx_word' id='word_1_222' title='bbox 1146 4033 1307 4115; x_wconf 82' lang='lat' dir='ltr'>legitimam</span> <span class='ocrx_word' id='word_1_223' title='bbox 1329 4032 1529 4115; x_wconf 83' lang='lat' dir='ltr'>separationis</span> 
     </span>
     <span class='ocr_line' id='line_1_33' title="bbox 189 4202 307 4240; baseline 0.001 34.021"><span class='ocrx_word' id='word_1_224' title='bbox 189 4146 1382 4276; x_wconf 58' lang='lat' dir='ltr'>a„</span> 
     </span>
     <span class='ocr_line' id='line_1_34' title="bbox 166 4233 1558 4387; baseline 0 -17"><span class='ocrx_word' id='word_1_225' title='bbox 166 4233 496 4382; x_wconf 43' lang='lat' dir='ltr'>,tprzffijffinibds</span> <span class='ocrx_word' id='word_1_226' title='bbox 519 4298 585 4387; x_wconf 89' lang='lat' dir='ltr'>ejus</span> <span class='ocrx_word' id='word_1_227' title='bbox 609 4302 714 4365; x_wconf 83' lang='lat' dir='ltr'>ellectu</span> <span class='ocrx_word' id='word_1_228' title='bbox 728 4302 885 4367; x_wconf 77' lang='lat' dir='ltr'>frustratis</span> <span class='ocrx_word' id='word_1_229' title='bbox 899 4301 976 4384; x_wconf 92' lang='lat' dir='ltr'>apud</span> <span class='ocrx_word' id='word_1_230' title='bbox 993 4301 1226 4364; x_wconf 87' lang='lat' dir='ltr'>commissarium</span> <span class='ocrx_word' id='word_1_231' title='bbox 1248 4301 1287 4363; x_wconf 93' lang='lat' dir='ltr'>ad</span> <span class='ocrx_word' id='word_1_232' title='bbox 1301 4256 1527 4385; x_wconf 76' lang='lat' dir='ltr'>inquisitionem</span> <span class='ocrx_word' id='word_1_233' title='bbox 1554 4364 1558 4371; x_wconf 87' lang='lat'><em>.</em></span> 
     </span>
     <span class='ocr_line' id='line_1_35' title="bbox 168 4389 1529 4473; baseline 0.002 -22"><span class='ocrx_word' id='word_1_234' title='bbox 168 4403 250 4452; x_wconf 76' lang='lat' dir='ltr'>tesam</span> <span class='ocrx_word' id='word_1_235' title='bbox 267 4403 322 4461; x_wconf 77' lang='lat' dir='ltr'>ten</span> <span class='ocrx_word' id='word_1_236' title='bbox 332 4392 504 4472; x_wconf 91' lang='lat' dir='ltr'>deputatum</span> <span class='ocrx_word' id='word_1_237' title='bbox 531 4392 568 4454; x_wconf 95' lang='lat' dir='ltr'>de</span> <span class='ocrx_word' id='word_1_238' title='bbox 597 4394 784 4455; x_wconf 88' lang='lat' dir='ltr'>accusatione</span> <span class='ocrx_word' id='word_1_239' title='bbox 812 4401 842 4454; x_wconf 92' lang='lat' dir='ltr'>et</span> <span class='ocrx_word' id='word_1_240' title='bbox 871 4392 1056 4455; x_wconf 76' lang='lat' dir='ltr'>somessione</span> <span class='ocrx_word' id='word_1_241' title='bbox 1087 4391 1254 4473; x_wconf 84' lang='lat' dir='ltr'>excipiatur</span> <span class='ocrx_word' id='word_1_242' title='bbox 1275 4389 1473 4472; x_wconf 86' lang='lat' dir='ltr'>protocollum</span> <span class='ocrx_word' id='word_1_243' title='bbox 1495 4402 1529 4454; x_wconf 89' lang='lat' dir='ltr'>et</span> 
     </span>
     <span class='ocr_line' id='line_1_36' title="bbox 184 4477 1297 4562; baseline -0.002 -19"><span class='ocrx_word' id='word_1_244' title='bbox 184 4477 293 4535; x_wconf 77' lang='lat' dir='ltr'>prestet.</span> <span class='ocrx_word' id='word_1_245' title='bbox 328 4500 379 4544; x_wconf 88' lang='lat' dir='ltr'>res</span> <span class='ocrx_word' id='word_1_246' title='bbox 401 4477 544 4545; x_wconf 85' lang='lat' dir='ltr'>tribunali</span> <span class='ocrx_word' id='word_1_247' title='bbox 568 4479 780 4544; x_wconf 88' lang='lat' dir='ltr'>matrimoniali</span> <span class='ocrx_word' id='word_1_248' title='bbox 803 4481 840 4542; x_wconf 90' lang='lat' dir='ltr'>sd</span> <span class='ocrx_word' id='word_1_249' title='bbox 863 4478 1083 4544; x_wconf 87' lang='lat' dir='ltr'>decernendum</span> <span class='ocrx_word' id='word_1_250' title='bbox 1106 4488 1297 4562; x_wconf 89' lang='lat' dir='ltr'>proponatur.</span> 
     </span>
    </p>
   </div>
   <div class='ocr_carea' id='block_1_17' title="bbox 868 4678 996 4756">
    <p class='ocr_par' dir='ltr' id='par_1_19' title="bbox 868 4678 996 4756">
     <span class='ocr_line' id='line_1_37' title="bbox 868 4678 996 4756; baseline -0.023 -17"><span class='ocrx_word' id='word_1_251' title='bbox 868 4678 899 4756; x_wconf 82' lang='lat'>§-</span> <span class='ocrx_word' id='word_1_252' title='bbox 920 4680 996 4739; x_wconf 75' lang='lat' dir='ltr'>aaa.</span> 
     </span>
    </p>
   </div>
   <div class='ocr_carea' id='block_1_18' title="bbox 168 4774 1646 4956">
    <p class='ocr_par' dir='ltr' id='par_1_20' title="bbox 168 4774 1646 4956">
     <span class='ocr_line' id='line_1_38' title="bbox 168 4774 1646 4868; baseline 0.002 -22"><span class='ocrx_word' id='word_1_253' title='bbox 168 4790 321 4846; x_wconf 76' lang='lat' dir='ltr'>Pmeeuarn</span> <span class='ocrx_word' id='word_1_254' title='bbox 398 4774 515 4853; x_wconf 74' lang='lat' dir='ltr'>Quodsi</span> <span class='ocrx_word' id='word_1_255' title='bbox 537 4780 615 4844; x_wconf 86' lang='lat' dir='ltr'>iacta</span> <span class='ocrx_word' id='word_1_256' title='bbox 639 4799 657 4841; x_wconf 92' lang='lat' dir='ltr'>a</span> <span class='ocrx_word' id='word_1_257' title='bbox 678 4800 729 4843; x_wconf 92' lang='lat' dir='ltr'>reu</span> <span class='ocrx_word' id='word_1_258' title='bbox 753 4801 811 4845; x_wconf 89' lang='lat' dir='ltr'>non</span> <span class='ocrx_word' id='word_1_259' title='bbox 836 4789 989 4863; x_wconf 82' lang='lat' dir='ltr'>negentur,</span> <span class='ocrx_word' id='word_1_260' title='bbox 1014 4791 1042 4842; x_wconf 91' lang='lat' dir='ltr'>ot</span> <span class='ocrx_word' id='word_1_261' title='bbox 1066 4788 1097 4843; x_wconf 92' lang='lat' dir='ltr'>ut</span> <span class='ocrx_word' id='word_1_262' title='bbox 1119 4781 1215 4844; x_wconf 88' lang='lat' dir='ltr'>ismae</span> <span class='ocrx_word' id='word_1_263' title='bbox 1231 4788 1359 4863; x_wconf 88' lang='lat' dir='ltr'>partium</span> <span class='ocrx_word' id='word_1_264' title='bbox 1374 4795 1529 4868; x_wconf 87' lang='lat' dir='ltr'>pareatur,</span> <span class='ocrx_word' id='word_1_265' title='bbox 1645 4774 1646 4833; x_wconf 68' lang='lat' dir='ltr'>i</span> 
     </span>
     <span class='ocr_line' id='line_1_39' title="bbox 170 4861 1645 4956; baseline 0.013 -34"><span class='ocrx_word' id='word_1_266' title='bbox 170 4863 318 4918; x_wconf 61' lang='lat' dir='ltr'>amaeam·</span> <span class='ocrx_word' id='word_1_267' title='bbox 332 4861 378 4925; x_wconf 82' lang='lat' dir='ltr'>vel</span> <span class='ocrx_word' id='word_1_268' title='bbox 401 4880 438 4925; x_wconf 85' lang='lat' dir='ltr'>en</span> <span class='ocrx_word' id='word_1_269' title='bbox 469 4865 526 4930; x_wconf 89' lang='lat' dir='ltr'>alia</span> <span class='ocrx_word' id='word_1_270' title='bbox 557 4870 640 4949; x_wconf 86' lang='lat' dir='ltr'>gravi</span> <span class='ocrx_word' id='word_1_271' title='bbox 671 4870 784 4934; x_wconf 88' lang='lat' dir='ltr'>ratione</span> <span class='ocrx_word' id='word_1_272' title='bbox 807 4873 1009 4934; x_wconf 86' lang='lat' dir='ltr'>necessarium</span> <span class='ocrx_word' id='word_1_273' title='bbox 1031 4870 1181 4947; x_wconf 85' lang='lat' dir='ltr'>videatur,</span> <span class='ocrx_word' id='word_1_274' title='bbox 1212 4882 1243 4953; x_wconf 87' lang='lat' dir='ltr'>ut</span> <span class='ocrx_word' id='word_1_275' title='bbox 1265 4879 1415 4954; x_wconf 84' lang='lat' dir='ltr'>negotium</span> <span class='ocrx_word' id='word_1_276' title='bbox 1438 4892 1529 4956; x_wconf 85' lang='lat' dir='ltr'>quam</span> <span class='ocrx_word' id='word_1_277' title='bbox 1644 4914 1645 4917; x_wconf 61' lang='lat'><em>=</em></span> 
     </span>
    </p>
   </div>
   <div class='ocr_carea' id='block_1_19' title="bbox 213 4934 1529 5043">
    <p class='ocr_par' dir='ltr' id='par_1_21' title="bbox 213 4934 1529 5043">
     <span class='ocr_line' id='line_1_40' title="bbox 213 4934 1529 5043; baseline 0.03 -33"><span class='ocrx_word' id='word_1_278' title='bbox 213 4934 297 4983; x_wconf 62' lang='lat' dir='ltr'>mm·</span> <span class='ocrx_word' id='word_1_279' title='bbox 333 4955 535 5019; x_wconf 87' lang='lat' dir='ltr'>secretissime</span> <span class='ocrx_word' id='word_1_280' title='bbox 557 4965 768 5039; x_wconf 87' lang='lat' dir='ltr'>pertractetur,</span> <span class='ocrx_word' id='word_1_281' title='bbox 796 4968 897 5043; x_wconf 86' lang='lat' dir='ltr'>partes</span> <span class='ocrx_word' id='word_1_282' title='bbox 926 4958 1093 5024; x_wconf 70' lang='lat' dir='ltr'>immcdltit</span> <span class='ocrx_word' id='word_1_283' title='bbox 1116 4960 1272 5025; x_wconf 70' lang='lat' dir='ltr'>iribflffllifl</span> <span class='ocrx_word' id='word_1_284' title='bbox 1295 4961 1529 5029; x_wconf 59' lang='lat' dir='ltr'>miilimfflflilifl</span> 
     </span>
    </p>
   </div>
   <div class='ocr_carea' id='block_1_20' title="bbox 0 0 1684 5216">
    <p class='ocr_par' dir='ltr' id='par_1_22' title="bbox 0 0 1684 5216">
     <span class='ocr_line' id='line_1_41' title="bbox 0 0 1684 5216; baseline 0 0"><span class='ocrx_word' id='word_1_285' title='bbox 0 0 1684 5216; x_wconf 95' lang='lat' dir='ltr'> </span> 
     </span>
    </p>
   </div>
  </div>
 </body>
</html>
