3346 5216
859 247 892 326 s
920 252 1017 343 aaa„

403 349 485 417 Fieri
507 357 622 431 potest,
654 357 686 415 nt
706 349 908 428 factumest
928 356 1078 419 necundo
1101 348 1248 427 innititnrc
1271 355 1398 417 raritate
1421 351 1541 433 quidem

333 438 474 526 ,ejusdam
486 443 641 520 supposita
656 439 875 503 matrimonium
892 446 1076 505 irritatorum
1100 441 1189 516 loret,
1218 448 1348 505 attamen
1364 440 1543 507 mantonis

337 527 456 592 falsitas
479 532 510 589 in
523 525 681 608 propatulo
704 532 751 591 sit.
796 527 867 592 Tali
889 547 958 591 casu
981 539 1065 592 actor
1088 530 1124 591 de
1147 533 1191 591 rei
1207 537 1285 592 statu
1307 529 1479 593 edocendus
1499 538 1545 595 et,

338 628 370 680 ut
392 617 428 679 ab
451 622 641 678 accusatione
663 616 795 691 desistat,
820 618 1052 683 commonendus
1077 628 1130 681 est.
1185 616 1366 699 Obsequium
1390 619 1457 697 ipso
1482 618 1544 680 de-

338 714 499 778 tractante,
523 705 583 766 nisi
606 705 731 779 forsan,
755 725 828 787 quae
851 698 968 784 alferat,
1001 716 1104 789 aperte
1126 707 1225 788 inepta
1249 704 1295 769 vel
1319 705 1543 775 absurda-sint,

338 795 485 857 accusatio
508 813 564 875 per
586 791 761 881 conclusum
785 794 960 858 atribunali
981 792 1194 859 matrimoniali
1219 793 1319 857 debita
1340 794 1438 858 forma
1461 810 1542 858 con,—

339 883 432 947 ditum
455 878 610 967 rejiciatur
637 890 763 963 oportet.

880 1094 910 1172 S·
929 1100 1002 1162 139.

235 1217 308 1280 Quae
415 1196 542 1279 Quando
564 1200 853 1281 impedimentorum,
878 1220 950 1284 puae
974 1204 1062 1284 §.80
1085 1210 1299 1273 enumerantur,
1325 1202 1472 1284 quoddam
1484 1203 1547 1266 ob-

183 1292 519 1367 raeedubtmoveator,
547 1287 676 1355 tribunal
708 1291 925 1359 matrimoniale
954 1292 1175 1373 inquisitionem
1204 1293 1235 1355 in
1264 1290 1363 1357 ierma
1389 1288 1469 1375 juris
1490 1291 1548 1354 in-

202 1363 323 1483 ffiffl}
348 1374 545 1459 stituanda'm,
569 1387 709 1461 quantum
732 1378 797 1441 deri
819 1381 936 1462 possit·
953 1382 1052 1445 evitet.
1096 1378 1249 1462 Plerisque
1266 1380 1383 1444 casibus
1396 1379 1549 1443 mediante

193 1446 294 1554 negt„
312 1466 430 1564 peloro
459 1467 622 1548 parochiali
651 1467 779 1533 obtineri
808 1468 933 1550 poterit,
967 1477 998 1531 ut
1021 1468 1108 1533 dubia
1132 1470 1241 1533 iactum
1265 1471 1422 1533 attinentia
1443 1470 1549 1535 elimi-

186 1574 221 1626 80
246 1564 466 1624 meno-nentur.
511 1556 725 1638 inpedimento
756 1577 810 1638 per
840 1556 936 1622 libros
965 1556 1151 1641 parochiales
1179 1555 1226 1621 vel
1256 1556 1459 1641 depositiones
1486 1558 1550 1621 noe

233 1648 306 1696 mi&
339 1644 456 1728 'dignas
476 1646 678 1728 comprobato,
701 1646 871 1728 Episcopus
895 1644 1161 1729 dispensationem,
1184 1666 1243 1729 qua
1263 1665 1340 1733 opus
1357 1656 1412 1718 est,
1436 1647 1551 1713 tribuet

347 1754 505 1817 curamque
534 1732 671 1806 babebit,
699 1744 731 1798 ut
760 1734 959 1800 consolidatio
982 1737 1063 1801 omni
1084 1735 1226 1803 scandalo
1248 1734 1407 1818 diligenter
1429 1745 1550 1803 saneto

348 1833 519 1905 peragatur.
566 1824 697 1906 Urgente
720 1826 872 1905 periculo,
894 1845 931 1888 ne
954 1824 1098 1909 conjuges
1121 1826 1171 1889 vel
1191 1822 1268 1891 alter
1291 1845 1394 1891 eorum
1415 1824 1551 1909 impedi-

348 1921 447 1975 mento
478 1913 594 1976 detecto
623 1912 661 1975 ad
690 1914 871 1979 consortium
903 1914 981 1978 vitae
1012 1912 1231 1978 dissolvendum
1261 1915 1431 1985 abutantur,
1467 1912 1551 1994 apud

347 2001 486 2154 panctm
509 2001 617 2067 Sedena
648 2001 684 2064 de
715 2003 848 2067 mando
878 2002 1098 2068 matrimonium
1131 2005 1162 2073 in
1192 2001 1551 2097 radicesupplicandum

363 2094 438 2153 oret.
1119 2130 1123 2140 ·
1402 2094 1407 2103 '
1466 2088 1471 2103 '

910 2294 978 2354 .1t
1005 2339 1013 2352 .

187 2389 348 2471 commum-
417 2386 542 2470 Quoties
565 2395 595 2457 in
618 2354 750 2457 calecam
772 2289 956 2457 matrimbnii
977 2294 1105 2479 bicajus
1122 2358 1327 2474 inquirendum
1344 2394 1395 2470 sit,
1418 2393 1554 2457 tribunal

188 2479 567 2615 fflgdffimatrimonlala
590 2482 827 2547 commissarium
849 2482 887 2545 ad
903 2484 1105 2567 quaestionem
1127 2483 1204 2547 iacti
1222 2481 1380 2549 eruendam
1405 2482 1554 2547 nominet.

214 2622 334 2684 dapatatt

142 2712 145 2717 ·
190 2692 344 2747 nominatae

834 2820 835 2825 ‘
879 2823 909 2903 s.
937 2819 1011 2886 ιιι.

198 2942 341 3006 inquietus
422 2924 656 2990 Commissarius
671 2925 930 3009 adinquirendum
946 2926 1115 3008 deputatus,
1136 2918 1291 3010 anteactam
1307 2924 1560 3007 adprobationes

208 3016 325 3075 cmm·
353 3018 385 3079 in
413 3017 510 3078 iorma
535 3015 615 3099 juris
646 3014 844 3081 instituendas
875 3016 1073 3098 procedatur,
1103 3017 1197 3079 anniti
1226 3015 1329 3090 debet,
1361 3024 1393 3077 ut
1421 3017 1558 3079 onmium

351 3108 654 3176 circumstantiarum,
688 3124 760 3186 quae
789 3105 826 3168 ad
849 3106 1030 3171 matrimonii
1052 3102 1186 3169 valorem
1208 3108 1255 3166 vel
1278 3106 1443 3169 nullitatem
1467 3114 1557 3169 extra

352 3195 471 3258 dubium
494 3194 665 3275 ponendum
688 3194 787 3257 iacere
803 3201 933 3277 possint,
957 3195 1127 3259 adcuratanc
1143 3193 1275 3275 acquirat
1290 3194 1439 3258 notitiam.
1463 3192 1554 3259 Hunc

352 3288 383 3346 in
405 3282 492 3345 mem
517 3304 571 3364 pro
596 3280 764 3346 conditione
788 3303 876 3347 casus
899 3293 929 3345 et
941 3302 1136 3367 personaraun
1161 3288 1346 3346 necessariae
1368 3290 1552 3363 percuncta-

352 3373 449 3434 tiones
465 3371 634 3448 iaciendae3
657 3382 760 3454 postea
784 3372 943 3458 conjuges,
966 3390 1111 3454 personae
1134 3371 1355 3441 matrimonium
1369 3380 1557 3443 accusantes,

351 3457 400 3522 vel
430 3480 503 3542 quae
533 3460 776 3543 impedimentum
805 3462 1028 3531 denuntiarunt,
1058 3468 1087 3522 et
1116 3458 1148 3523 in
1179 3472 1318 3543 quantum
1348 3460 1412 3523 fieri
1445 3470 1559 3541 potest,

352 3552 441 3612 etiam
464 3556 575 3628 testes,
598 3552 646 3633 qui
669 3572 724 3633 pro
748 3550 936 3614 matrimonio
960 3562 1010 3612 aut
1032 3557 1135 3612 contra
1163 3548 1235 3612 illud
1258 3550 1470 3633 producuntur,
1494 3550 1559 3612 de-

352 3636 471 3703 fensore
492 3640 673 3704 matrimonii
697 3649 855 3722 praesente
877 3644 996 3721 praevie
1019 3638 1221 3721 interrogandi
1244 3650 1321 3702 sum.
1443 3718 1447 3725 ι

886 3838 915 3906 b·
942 3837 1015 3905 142.

421 3939 454 4007 lu
475 3942 628 4007 uisitionis
644 3942 781 4024 praeviae
796 3941 973 4009 resultatum
989 3938 1132 4009 tribunali
1145 3938 1370 4025 proponendum
1386 3950 1432 4005 est
1448 3945 1563 4003 matri-

356 4032 455 4094 monia
469 4032 479 4092 i
485 4076 496 4107 ,
527 4032 603 4113 quod
628 4032 830 4097 ordinationes
853 4032 937 4097 dabit
960 4031 997 4095 de
1018 4031 1073 4104 iis,
1105 4052 1178 4114 quae
1201 4033 1305 4097 lorsan
1326 4030 1422 4093 adbuc
1444 4047 1562 4093 neces-

361 4121 440 4184 saria
464 4119 558 4186 ducat.
605 4116 673 4199 Quo
696 4121 776 4185 iacto
800 4127 900 4185 omnia
923 4120 1108 4202 disponerula
1131 4130 1202 4183 sunt
1224 4120 1262 4197 ad
1284 4138 1455 4202 processum
1478 4139 1562 4199 pro-

360 4209 508 4273 batorium
531 4210 641 4295 absque
664 4208 725 4275 ulla
748 4214 936 4275 cunctatione
957 4209 1135 4277 babendum.

889 4336 917 4404 d.
944 4338 1017 4399 143.

200 4452 273 4515 caud
292 4464 359 4501 con-
428 4442 503 4505 'l'am
532 4441 564 4504 in
593 4442 713 4524 praeuia
744 4441 950 4526 inquisitione,
989 4456 1075 4522 paam
1096 4439 1135 4502 ad
1157 4457 1329 4520 processum
1372 4439 1563 4504 robatorium

196 4524 277 4588 W
295 4530 504 4616 ¹³⁸¹·aenjuges
525 4528 725 4614 personaliter
746 4534 911 4619 assistere
932 4529 1049 4592 debent.
1097 4527 1279 4594 Goucadimr
1294 4461 1421 4612 quidem,
1444 4538 1477 4592 ut
1498 4530 1566 4593 ad-

194 4593 483 4716 ·:ffigeaocatos
504 4638 604 4682 secum
624 4619 780 4689 adducant,
805 4631 834 4683 et
848 4627 1003 4701 antequam
1019 4617 1247 4685 declarationem
1262 4617 1430 4695 exhibeant,
1452 4636 1564 4683 aunam

225 4736 344 4787 dmg
361 4706 519 4771 consilium
551 4717 713 4791 expetant3
740 4728 842 4770 verum
873 4728 926 4770 eae
953 4717 1065 4771 tantum
1087 4707 1318 4785 declarationes,
1342 4726 1416 4789 quas
1439 4710 1566 4789 ipsimet

361 4801 550 4877 pronuntiant
556 4844 565 4876 ‚
597 4816 654 4879 qua
676 4797 810 4878 ipserum
833 4806 960 4860 mentmr
982 4798 1170 4877 explicantes
1192 4795 1359 4878 protocollo
1381 4796 1567 4861 inserendae

358 4892 439 4952 sunt.
487 4878 603 4966 Quodsi
634 4885 796 4949 advoutus
825 4886 948 4969 proprio
971 4885 1090 4951 nomine
1109 4885 1252 4970 quaedam
1274 4900 1375 4949 casum
1397 4884 1566 4950 matrimoss-
