3392 5218
215 138 293 219 tot

211 335 308 418 tingui
345 335 450 403 sedulo
484 346 624 421 opoetoro
658 342 880 422 expositionem
918 365 961 411 ss.
1000 346 1181 410 armamenti
1213 349 1245 409 in
1275 343 1386 427 pyxide
1421 341 1530 406 inclusi
1561 361 1579 403 a

210 440 439 523 denedictione,
484 463 550 508 cnm
583 447 688 511 eodem
727 466 815 513 sacro
857 446 982 515 vasculo
1018 438 1232 534 impertienda,
1277 451 1351 532 puin
1387 447 1477 528 prius
1511 446 1578 512 rite

209 551 315 630 fuerit
346 551 536 630 sepositum,
573 554 751 635 respective,
793 555 824 619 in
862 566 968 639 aperto
1000 558 1193 622 tabenaculo
1224 558 1419 637 conspicuum
1453 554 1578 618 iactum.

212 653 307 741 cnjus
331 657 510 736 posterioris
533 658 769 740 benedictionis,
802 681 875 744 quae
896 666 1067 749 frequenter
1089 669 1187 749 ntique
1217 663 1377 726 etiamnum
1400 670 1454 724 usu
1479 668 1526 722 cst
1546 661 1580 722 in

213 759 379 843 cisalpinis
402 762 540 828 ecclesiis
563 775 699 848 recepta,
730 787 789 831 non
812 778 859 833 cst
882 790 934 834 cus
956 770 993 833 de
1016 775 1134 853 integro
1154 774 1239 833 litem
1260 782 1462 837 resumamus,
1494 784 1581 852 quum

214 888 250 932 es
272 867 422 951 dirempta
447 869 511 954 jam
534 872 689 953 pridema
715 875 818 961 jndice
841 878 889 952 sit,
913 874 997 962 cujus
1024 876 1071 939 rel
1100 877 1183 941 solus
1214 882 1303 937 nutus
1333 873 1386 938 lex
1419 870 1507 936 nobis
1534 878 1582 935 est

212 982 300 1057 atque
331 979 506 1058 imperium,
545 989 576 1041 et
605 981 689 1067 cujus
728 982 874 1047 doctrinis
907 986 1063 1046 universus
1094 1000 1215 1064 semper
1241 961 1391 1045 insonabit
1420 980 1503 1043 orbis
1527 997 1582 1041 ea-

214 1078 356 1144 thelicus.
402 1083 552 1147 iudicium
580 1095 678 1157 sutem
710 1108 736 1150 s.
769 1090 810 1153 Μ.
833 1088 996 1154 Benedici.
1020 1087 1105 1153 XIV.
1135 1089 1219 1153 hisee
1247 1087 1350 1150 vomis
1373 1084 1456 1149 tulit:
1487 1084 1584 1161 „dios

212 1187 346 1251 obtinuit
376 1189 410 1251 in
440 1190 500 1255 tec
521 1189 715 1258 Bononiensi
735 1194 887 1270 Ciuitate,
916 1198 953 1260 ut
977 1190 1095 1275 plumes
1123 1195 1225 1259 eedem
1251 1193 1303 1257 die
1331 1192 1510 1272 benedictio,
1527 1210 1585 1270 per

216 1313 343 1361 semum
376 1297 525 1377 pyxidem
551 1301 714 1382 frequenti
738 1300 847 1382 populo
876 1300 1075 1366 concedatur.
1128 1298 1250 1365 Nullum
1279 1298 1318 1364 de
1347 1299 1402 1363 tce
1429 1298 1497 1361 ritu
1517 1316 1585 1360 sso-

217 1407 393 1467 numenium
430 1405 700 1485 deprehendimus:
756 1409 879 1474 indicet
917 1406 1122 1472 tantummode
1162 1404 1290 1471 Bitunia
1329 1402 1497 1468 Bomunum
1543 1400 1585 1483 ¹),

215 1508 296 1592 quud
314 1512 471 1590 perscitus
489 1515 561 1592 pust
590 1514 697 1579 dotem
719 1519 844 1598 uepreio
867 1534 993 1580 sumum
1020 1518 1184 1597 symonem,
1218 1516 1251 1577 si
1273 1515 1309 1575 in
1327 1513 1445 1593 ppcide
1474 1511 1585 1590 omri-

213 1613 285 1682 euiu
308 1616 417 1700 ulique
439 1620 593 1700 supersit:
623 1622 836 1702 accipiens
857 1641 929 1687 oue
960 1640 1043 1689 cum
1072 1624 1326 1687 sacramento
1358 1620 1471 1685 fucit
1501 1610 1586 1681 cum

215 1742 260 1787 ee
290 1725 442 1806 sipnum
468 1728 608 1789 crucis
637 1748 755 1809 super
781 1732 949 1812 infirmo
976 1726 1081 1794 uitii
1106 1730 1256 1794 dicens.
1310 1724 1483 1808 Postquam
1511 1742 1587 1789 oeno

220 1832 255 1893 in
295 1828 434 1911 templum
464 1832 579 1896 rediit:
618 1854 699 1899 cum
733 1841 987 1901 recremento
1021 1839 1062 1900 in
1095 1831 1242 1919 pyride
1270 1830 1354 1897 celo
1391 1836 1588 1911 coopertu

216 1939 364 2020 fucini
394 1940 549 2020 sipnum
575 1943 718 2006 crucis
748 1961 864 2025 super
890 1941 1083 2024 populum,
1112 1938 1220 2005 uitii
1246 1940 1400 2021 dicens,·
1431 1940 1589 2018 postre-

218 2064 273 2110 mo
296 2040 403 2109 iilud
425 2047 464 2108 in
486 2042 568 2109 loco
590 2067 659 2111 sue
681 2054 863 2128 reponet.

350 2183 397 2247 Ne
412 2182 527 2249 Bomos
548 2187 680 2269 quidem,
704 2209 783 2273 quoe
806 2209 966 2255 sonorum
982 2188 1111 2254 Bituum
1132 2192 1240 2257 merito
1267 2188 1398 2255 tutetur
1422 2189 1590 2273 nepisino,

217 2290 252 2354 id
262 2290 338 2370 fleri
359 2294 529 2368 consuevit,
551 2297 620 2358 nesi
635 2297 721 2377 forte
742 2298 897 2361 nummus
918 2296 1087 2380 dipnitoiis
1108 2300 1170 2374 eir,
1193 2294 1292 2365 veluti
1301 2294 1371 2360 Bes
1395 2300 1451 2361 out
1467 2292 1590 2379 Bepinn

147 2486 150 2491 Ι
214 2388 351 2480 pietatis
373 2415 472 2464 causa
503 2419 569 2463 eom
599 2399 835 2467 benedictionem
858 2409 1044 2485 repeterent.
1091 2401 1186 2469 Licet
1211 2424 1268 2471 nos
1286 2400 1452 2487 plusquam
1474 2402 1593 2484 ospinti

217 2505 313 2568 annis
335 2521 449 2570 senne
464 2503 593 2571 Bituun
609 2507 846 2593 Conprepctioni
865 2511 1038 2599 triforme,
1062 2513 1199 2579 ettamen
1223 2531 1243 2576 e
1262 2513 1432 2597 praecipuo
1454 2508 1591 2590 nuceo

219 2612 361 2676 sinistro
384 2610 545 2678 consilium
567 2634 659 2698 super
680 2617 739 2678 tue
760 2634 795 2678 re
813 2635 941 2696 poscere
958 2636 1018 2681 non
1035 2618 1315 2699 manuninum,
1338 2619 1394 2703 qui
1413 2616 1492 2680 tone
1509 2634 1590 2680 con-

218 2718 412 2783 suetudinem
442 2723 561 2785 omnino
587 2722 832 2787 interdicendam
859 2720 954 2788 litere
981 2725 1154 2807 respondit,
1183 2745 1250 2789 cum
1272 2727 1346 2788 nori
1365 2728 1450 2786 sotus
1472 2725 1590 2786 incon-

218 2825 305 2892 sulte
318 2824 399 2891 Sede
413 2827 595 2908 Apostolicu
613 2830 755 2909 permitti
774 2833 938 2912 nequeant,
961 2832 1100 2913 quamuis
1122 2826 1229 2914 aliquo
1248 2831 1379 2910 pietatis
1402 2847 1497 2896 causo
1524 2828 1594 2892 nd-

217 2935 363 2999 ducutur.
417 2935 523 2998 Verum
545 2955 584 2997 ne
605 2935 710 3000 eudem
730 2937 833 3017 pieton
856 2938 1064 3001 imminuendo
1087 2939 1131 3003 sit
1155 2939 1252 3003 etium
1277 2936 1312 3000 ed
1335 2955 1403 3000 eom
1426 2936 1594 3009 cntionem,

217 3043 297 3127 quod
318 3044 398 3107 idem
420 3042 527 3108 cretro
542 3044 717 3123 repetetur,
739 3044 944 3123 decernimus,
967 3050 1003 3107 ut
1019 3044 1190 3111 tertedictio
1205 3041 1301 3107 solum
1316 3046 1349 3106 in
1365 3041 1431 3106 illis
1446 3039 1593 3108 eeclesiis

218 3147 330 3232 populo
352 3149 562 3230 impertiatur,
585 3169 665 3232 quoe
685 3154 816 3213 ueterem
838 3150 931 3231 liujus
954 3152 1004 3215 rei
1024 3150 1273 3215 consuetudinem
1297 3153 1411 3227 tenent,
1433 3155 1593 3215 cueeent-

220 3278 289 3341 que,
311 3261 348 3320 ut
370 3254 466 3320 semei
486 3260 605 3320 tentum
628 3256 728 3320 eodem
750 3258 802 3321 die
823 3257 857 3320 id
877 3259 1063 3336 nutriunt:
1088 3256 1311 3341 Delinquentes
1333 3260 1439 3322 nestro
1454 3255 1593 3319 arbitrio

214 3364 415 3444 plectemus.“
440 3359 470 3439 ²)
516 3364 567 3426 Sic
589 3364 649 3425 iile.

352 3503 401 3569 Ad
424 3502 654 3584 depositionem
677 3516 775 3569 nutem
801 3510 987 3569 sanctissimi
1008 3505 1187 3568 sacrmenti
1209 3523 1275 3568 cum
1299 3504 1413 3587 pyxide
1434 3505 1516 3588 qnod
1537 3516 1596 3569 st-

219 3616 311 3687 tinet‚
333 3630 407 3694 prae
429 3616 554 3674 coeteris
577 3620 681 3676 notatu
704 3612 829 3694 dignum
855 3616 986 3675 occurrit
1010 3611 1049 3675 si
1073 3609 1299 3693 (inalpinorsm
1326 3631 1461 3675 emosrnn
1483 3612 1596 3676 ritun-

219 3721 306 3799 dum,
336 3738 393 3801 quo
424 3720 483 3782 due
511 3724 633 3784 omnino
663 3720 883 3783 contunduntur
911 3737 985 3800 quae
1014 3714 1153 3801 sajum
1184 3719 1271 3799 piane
1300 3718 1477 3801 diemque
1508 3730 1596 3789 sut

220 3827 302 3912 proed
331 3845 376 3889 sc.
404 3836 467 3889 tota
499 3826 689 3907 significandi
711 3834 859 3909 potestate
883 3824 1053 3887 dissideant
1084 3822 1257 3899 „inolsnurs
1278 3827 1313 3888 in
1330 3825 1450 3905 pyxide
1469 3845 1597 3890 meroe·
1667 3882 1668 3905 ,

219 3937 350 3998 menium
378 3940 546 4014 exponere‘
576 3942 664 4016 atque
694 3928 793 4007 „illud
822 3950 839 3991 e
868 3926 1064 3994 internecatis
1091 3931 1291 4005 eetrutm‚“
1320 3928 1398 3994 illud
1420 3932 1501 3995 mm
1524 3933 1598 3997 tissi

220 4041 361 4124 liturgica
379 4040 449 4127 jura
472 4042 656 4121 permittunt,
684 4039 753 4100 dum
776 4038 902 4100 alterum
925 4037 1039 4100 indicta
1062 4034 1129 4119 lege
1151 4054 1257 4102 severe
1280 4036 1425 4101 inhibent

353 4187 407 4247 48.
431 4176 513 4259 Quae
537 4188 567 4243 ut
590 4182 705 4261 plenius
728 4175 941 4259 intelligantur,
964 4198 1001 4241 ex
1025 4197 1176 4242 sacrarum
1190 4180 1392 4242 Romanarum
1408 4177 1599 4264 congrega-

218 4290 333 4356 tionum
357 4286 513 4363 doctrinis,
536 4296 625 4366 prout
649 4283 716 4348 illas
738 4293 785 4347 est
807 4280 971 4348 authentica
995 4303 1050 4347 suo
1074 4282 1154 4348 clero
1169 4286 1386 4365 interpretatus
1397 4285 1601 4354 Benedictus

219 4398 298 4463 XIV.
321 4394 393 4456 haec
416 4392 513 4456 danda
536 4410 604 4455 esse
628 4409 793 4457 censemus.
832 4389 980 4465 Quemvis
996 4392 1224 4456 sanctissimum
1240 4392 1454 4456 eucdcrisiiue
1467 4412 1599 4460 συννα-

219 4505 350 4568 mentum
372 4501 407 4562 in
426 4497 543 4581 ppcide
571 4496 722 4563 inclusum
744 4502 859 4579 erponi
877 4501 1009 4581 nequent
1036 4516 1076 4561 ec
1103 4493 1231 4578 publicu
1262 4514 1363 4562 ceusu
1386 4492 1431 4584 ³),
1450 4498 1530 4579 lieri
1562 4502 1602 4564 id

268 4766 292 4830 ¹)
310 4768 360 4815 Tit.
380 4767 413 4816 de
430 4765 615 4814 comnnsuione
633 4765 813 4831 nstrmorum.

268 4852 294 4917 ²)
312 4850 425 4905 institut.
442 4848 514 4901 ΧΧΧ.

267 4938 291 5005 ⁸)
311 4940 382 4993 Tunc
400 4941 472 4993 enirn
489 4950 595 5003 semper
613 4946 737 5005 potenter
755 4946 796 4994 est
814 4943 842 4993 iu
860 4942 1018 4993 ostensuris
1034 4945 1216 5006 etmenden
1232 4942 1261 4992 in
1279 4940 1379 4995 mn
