3360 5220
354 292 433 374 legis
456 309 526 354 auae
548 294 735 352 sanctitatem
759 287 949 347 contaminet.
970 349 974 356 ,
994 284 1074 347 Inter
1095 282 1280 347 catholicum
1303 290 1332 343 et
1350 280 1553 372 Qbrbtianum

355 400 415 445 non
428 375 613 447 catbolicum.
638 381 688 460 qni
709 373 865 459 ¹conjugem
888 377 1081 454 superstitem·
1101 372 1208 444 babet,
1231 375 1453 437 matrimonium
1475 389 1553 434 con-

355 474 464 532 sistere
493 472 607 549 neqrait,
645 465 715 530 licet
744 462 892 538 tribuual,
928 461 1008 544 apud
1046 459 1123 544 quod
1159 479 1283 524 caussae
1320 461 1554 527 matrimoniales

356 555 595 620 Christianorum
617 574 679 618 nou
703 552 917 615 catholicorum
940 556 1063 614 tractari
1086 551 1195 628 solent,
1216 554 1434 631 separationem
1457 547 1554 634 quoad

354 648 505 710 vinculum
527 642 776 728 pronuntiaverit.
828 713 829 717 Ἰ

901 855 930 935 a.
954 858 1009 919 aa.

233 1030 236 1039 ,
302 1023 304 1028 ,
420 959 519 1044 Quum
552 982 605 1045 per
633 970 849 1026 sacromentum
879 959 1020 1040 baptismi
1049 973 1110 1021 non
1133 957 1290 1022 solvantur
1311 955 1467 1042 conjugia,
1498 954 1555 1020 sed

353 1055 479 1117 crimina
508 1047 709 1130 dimittantur,
746 1050 965 1113 matrimonium
996 1049 1034 1111 ab
1063 1045 1232 1112 infidelibus
1261 1056 1446 1110 contractum
1476 1064 1554 1138 cop·

348 1142 473 1228 jugibus
496 1142 533 1205 ad
557 1140 710 1206 Christum
735 1143 887 1204 conversis
910 1138 1027 1201 firmum
1050 1145 1164 1209 manet,
1196 1136 1467 1200 nonobstantibus
1492 1137 1555 1199 im-

352 1233 532 1314 pedimentis
555 1217 759 1294 eebiesiosttca
773 1224 839 1310 lege
861 1231 1018 1290 institutis.
1065 1220 1185 1305 Quodsi
1206 1233 1304 1289 autem
1327 1223 1422 1288 altero
1437 1233 1554 1288 tantum

352 1320 479 1404 conjugo
503 1338 648 1383 converso
672 1315 748 1382 alter
769 1322 800 1379 in
823 1316 997 1380 infidelitate
1020 1319 1186 1398 persistens
1210 1333 1275 1378 cum
1297 1313 1400 1378 eodem
1423 1312 1555 1377 cohabi-

352 1420 416 1472 taro
444 1405 683 1490 interpellatione
720 1403 857 1488 neglecta
885 1409 1006 1468 omuino
1042 1411 1147 1467 renuat
1185 1413 1235 1466 aut
1269 1401 1437 1467 cohabitare
1474 1403 1555 1466 nolit

352 1499 464 1581 absquo
488 1497 664 1560 contumelia
687 1499 845 1575 creaturis,
868 1494 965 1558 eidem
987 1498 1101 1576 petenti
1123 1491 1342 1556 concedendum
1365 1501 1427 1572 cst,
1458 1501 1491 1555 ut
1513 1491 1555 1556 ad

351 1605 445 1651 novas
469 1586 606 1650 convolet
627 1590 764 1667 nuptias3
793 1584 899 1666 quibus
930 1585 987 1646 rite
1011 1581 1167 1648 celebratis
1189 1579 1339 1646 vinculum
1361 1579 1495 1668 conjugii
1519 1581 1554 1644 in

350 1671 526 1742 infidelitate
550 1676 695 1740 contracti
717 1673 875 1737 dirimitur.

899 2049 929 2130 §-
953 2051 1006 2113 er.

204 2179 229 2229 a,
265 2178 333 2231 oruc
420 2155 531 2224 Clerici
560 2162 592 2222 iu
619 2152 784 2239 majoribus
812 2158 969 2219 constituti
989 2161 1019 2218 ct
1041 2150 1210 2238 regulares,
1239 2157 1290 2236 qul
1310 2153 1560 2224 votamolamnla
1647 2223 1653 2240 .

190 2260 268 2301 sacer
309 2255 335 2300 st
352 2251 523 2320 emiserunt,
547 2245 585 2310 ad
607 2247 831 2310 matrimonium
854 2243 1013 2308 munuum
1036 2241 1152 2306 babilas
1167 2260 1227 2306 nou
1242 2250 1321 2306 suat.
1358 2239 1393 2306 ln
1408 2251 1556 2326 quantun

190 2328 420 2444 w'lfflnew'wm
440 2336 590 2416 simplicia
604 2331 890 2414 incongregatione
905 2331 1036 2414 regulari
1051 2337 1162 2395 emissa
1177 2351 1242 2394 eum
1272 2351 1328 2412 per
1341 2336 1554 2413 exceptionem

308 2428 314 2441 '
350 2426 687 2496 connaturationem,
711 2431 743 2485 ut
766 2423 985 2486 matrimonium
1006 2425 1142 2488 irritent.
1173 2419 1335 2485 secundum
1358 2428 1471 2486 statuta
1493 2441 1554 2484 or-

349 2513 451 2578 dinum
474 2533 493 2577 a
514 2511 590 2577 Sede
612 2509 788 2598 Apostolica
810 2510 974 2596 approbata
996 2505 1219 2596 dijudicandum
1242 2515 1298 2574 est.
1344 2505 1348 2519 '

896 2725 926 2805 §·
951 2730 1004 2792 25.

190 2839 232 2893 to.
258 2841 347 2892 eutem
385 2832 495 2897 ,Inter
522 2834 692 2917 baptisatus
720 2840 749 2894 ct
776 2850 840 2904 coa,
872 2836 923 2915 qui
953 2834 1189 2912 regenerationis
1215 2781 1436 2894 sacramentum
1460 2782 1548 2894 'mod

187 2913 556 3034 {sztdfosmet⁵u⁸⁰⁰¹mm’
580 2925 803 2998 matrimonium
826 2925 1154 3003 consideransque·

187 3066 241 3105 non
281 3059 349 3118 bap-

185 3128 347 3178 tizatoedls-

205 3199 312 3258 peritur.
376 3213 378 3220 ’

893 3401 923 3479 §-
946 3403 1000 3464 aa
1133 3385 1137 3392 '

205 3491 247 3550 ¹¹·
275 3497 345 3550 ⁰⁰¹¹·
412 3499 473 3583 Qui
495 3511 525 3568 in
548 3505 628 3568 linea
649 3511 731 3567 recta
761 3510 811 3565 aut
838 3509 870 3568 in
893 3515 997 3589 quarto
1023 3503 1072 3567 vel
1093 3507 1274 3588 proximiori
1297 3503 1425 3588 quodam
1447 3505 1544 3568 lineae

185 3573 531 3658 “nssufflmtransversae
554 3593 649 3678 gradu
671 3597 884 3674 consanguinei
903 3604 989 3672 sunt,
1011 3593 1143 3658 validum
1166 3598 1245 3659 inter
1266 3614 1300 3657 sc
1323 3595 1543 3658 matrimonium

345 3681 517 3746 contrahere
539 3703 601 3746 non
623 3691 765 3764 possunt,
789 3701 882 3768 nequae
905 3683 1011 3762 reicrt,
1038 3703 1077 3747 an
1100 3682 1346 3765 consanguinitas
1370 3701 1411 3753 ex
1434 3679 1545 3766 copula

344 3768 429 3835 licita
451 3773 498 3836 vel
520 3773 626 3836 illicita
652 3781 757 3836 exorta
780 3777 830 3834 ait.
913 3818 914 3822 ,
1343 3772 1364 3798 ”

891 3881 920 3962 §-
944 3846 997 3944 ar.

182 3977 254 4101 ἔξω
268 3976 341 4114 ⁰⁵⁰3:
409 3984 555 4068 Cognatio
576 3985 757 4068 spiritualis,
786 4005 858 4068 quae
886 4003 925 4049 ex
948 3985 1097 4067 baptismo
1126 3993 1155 4048 et
1184 3991 1410 4052 conirmatioue
1434 3991 1539 4060 oritur,

204 4123 317 4175 ritualia.

343 4075 456 4137 dirimit
485 4075 705 4138 matrimonium
735 4074 813 4139 inter
842 4079 1019 4138 sacramenti
1046 4074 1283 4158 dispensatorem
1306 4086 1334 4139 et
1358 4077 1541 4157 baptizatum
1652 4081 1653 4086 ’

303 4203 305 4208 -
341 4163 390 4227 vel
412 4164 626 4242 confirmatum,
648 4182 701 4228 nec
724 4183 785 4227 nou
800 4163 945 4244 baptisati
965 4160 1015 4226 vel
1032 4165 1367 4247 confirmatiparentes,
1389 4170 1541 4246 interpa·
1652 4195 1653 4198 ¹

342 4258 450 4316 trinum
475 4267 587 4335 quoque
610 4262 640 4317 et
654 4252 837 4334 baptizatum
857 4252 905 4316 vel
927 4251 1146 4327 conbrmatom.
1170 4273 1224 4318 nec
1246 4273 1307 4318 non
1323 4253 1470 4336 baptisati
1491 4253 1542 4317 vel
1652 4269 1653 4320 ξ

341 4343 509 4406 confirmati
530 4351 680 4422 parentes.

887 4450 916 4531 ᾗ
938 4453 991 4516 28.

182 4544 340 4609 ¹³·00tnt·
408 4553 556 4634 Adoptio,
585 4549 683 4638 qualis
714 4544 900 4635 arrogationl
930 4573 983 4618 seu
1013 4553 1168 4636 adoptioni
1193 4555 1346 4636 perlectae
1363 4555 1445 4644 juris
1465 4555 1539 4621 tto-
1652 4515 1653 4598 Ῐ

180 4617 420 4753 ῧξᾳῃζωζζζωαηί
443 4643 538 4724 quoad
560 4641 732 4706 essentialia
746 4643 920 4724 respondet,
942 4643 1104 4708 seeundum
1127 4663 1205 4708 nunc
1218 4649 1370 4728 vigentem
1381 4641 1537 4710 Ecclesiae

226 4763 298 4812 ,m
339 4734 465 4809 prexia,
489 4737 578 4794 etiam
600 4740 753 4813 postquam
776 4730 924 4797 dissoluta
944 4731 1048 4806 luerit,
1074 4734 1298 4800 matrimonium
1321 4735 1437 4800 dirimit
1457 4734 1540 4800 inter
1652 4745 1653 4758 ¹

339 4815 530 4898 adoptantem
551 4818 780 4904 adoptatumquu
810 4831 841 4884 et
870 4822 907 4886 ab
929 4818 1073 4903 adoptato
1095 4821 1310 4890 descendentes
1332 4823 1388 4888 nb
1410 4829 1537 4907 paterna

340 4903 406 4992 ejus
426 4915 575 4988 potestate
597 4908 767 4993 adoptionis
788 4918 925 4996 empore
944 4917 1144 4989 consutatoa,
1173 4931 1230 4980 neo
1249 4923 1313 4980 aon
1331 4914 1413 4979 iuter
1433 4911 1539 4999 adop-
1652 4897 1653 4956 ἲ
