3458 5218
883 353 1002 422 minet,
1026 353 1077 434 qui
1098 371 1174 416 unus
1197 352 1316 419 edicere
1338 355 1543 424 difficultatem

881 465 995 538 posset,
1010 457 1104 524 recoli
1117 478 1153 522 ee
1166 469 1305 540 possunt,
1320 481 1392 545 quae
1403 483 1433 526 u·
1448 470 1501 531 21.
1510 474 1542 532 b.

881 563 992 645 prioris
1014 569 1108 645 partis
1136 564 1168 627 in
1191 567 1281 630 simili
1305 587 1375 634 casu
1398 570 1543 637 diximus.

948 670 1057 752 Siquos
1079 673 1176 754 igitur.
1199 672 1276 737 aliae
1298 686 1369 740 sunt
1389 685 1543 762 praeterea

880 771 1040 856 ecclesius,
1070 778 1102 844 in
1125 780 1229 861 quibus
1251 802 1311 846 non
1333 787 1431 846 minus
1454 803 1489 846 ac
1513 789 1544 848 iu

882 881 1056 948 Mantum
1086 894 1117 950 et
1138 885 1282 954 uiuent
1305 893 1442 973 antiquae
1464 895 1546 973 riget

882 997 912 1052 ot
926 989 1169 1057 immemorabilis
1189 995 1370 1061 consuetudo
1385 995 1545 1060 adhibendi

880 1100 914 1160 in
935 1097 1029 1162 mima
1048 1107 1164 1164 cantata
1185 1103 1216 1164 in
1239 1105 1380 1166 maximis
1400 1099 1546 1168 solemni-

880 1203 992 1268 tctibus
1014 1211 1133 1286 ponder
1153 1207 1318 1272 Diaconum
1334 1217 1364 1272 ct
1377 1208 1544 1274 Subdisco-

882 1329 951 1378 nunu
968 1311 1175 1394 presbyterum
1191 1316 1379 1380 assistentem
1392 1335 1458 1380 cum
1472 1315 1546 1399 plu-

881 1417 962 1492 viali,
977 1419 1077 1502 eequis
1090 1419 1315 1486 rubricistarum
1330 1420 1364 1507 ¹)
1381 1425 1547 1488 exturban-

883 1522 952 1591 dum
983 1545 1000 1587 e
1034 1545 1088 1590 sua
1118 1527 1188 1590 sede
1223 1547 1306 1591 usum
1336 1530 1544 1612 aggredietur?

882 1635 943 1699 Aut
960 1636 1026 1718 quis
1041 1633 1078 1696 de
1097 1634 1254 1698 fluentibus
1270 1654 1308 1700 ex
1324 1635 1441 1701 sublato
1456 1657 1548 1719 pres-

885 1743 988 1822 bytero
1002 1739 1161 1803 assistente
1177 1743 1435 1808 consecutionibus
1448 1743 1548 1808 dicere

884 1866 1003 1911 causam
1023 1846 1171 1910 tenebitur
1189 1852 1363 1929 praesertim
1379 1851 1429 1914 ubi
1442 1869 1548 1914 coere-

883 1956 1050 2019 monarium
1066 1953 1209 2036 magister
1230 1954 1433 2021 desideretur?
1458 1956 1547 2022 Ooni.

884 2057 1044 2125 corollaria
1074 2064 1194 2143 saepius
1224 2063 1307 2126 citati
1334 2065 1415 2128 tertii
1444 2069 1549 2146 cepitis

884 2167 993 2250 prioris
1015 2167 1124 2249 parim
1244 2225 1247 2233 .

949 2274 999 2338 Ex
1028 2273 1082 2352 iis,
1116 2292 1189 2357 qnae
1217 2274 1296 2340 diota
1324 2276 1362 2340 da
1393 2277 1549 2342 sacerdote

885 2379 1045 2446 assistente
1067 2390 1152 2460 sunt,
1181 2391 1289 2462 sponte
1310 2403 1363 2448 suu
1386 2387 1547 2468 consequi-

884 2496 947 2562 tur,
968 2483 1052 2569 falti
1071 2489 1226 2569 suppositi
1237 2491 1311 2554 vitio
1325 2489 1467 2556 inlectam
1481 2509 1550 2554 esse
1643 2527 1646 2532 ·

885 2593 1161 2678 mprebensionem
1186 2615 1242 2677 qua
1260 2597 1327 2661 ideo
1343 2617 1467 2682 carpere
1484 2597 1549 2662 lio-

886 2721 989 2766 manas
1011 2701 1181 2765 functiones
1203 2701 1349 2787 aliquibus
1371 2725 1411 2770 ex
1428 2708 1550 2772 Nostris

885 2809 918 2872 in
947 2807 1078 2873 moribus
1109 2817 1157 2872 ost
1185 2813 1331 2891 positum,
1365 2813 1460 2899 quod,
1491 2812 1549 2876 de-

886 2915 1002 2982 finiente
1023 2915 1079 2979 boc
1100 2915 1276 2998 presbytero
1298 2925 1458 2984 assistente
1477 2919 1547 2984 ido-

886 3043 960 3088 neus
975 3021 1091 3087 illarum
1107 3023 1279 3092 moderator
1291 3036 1434 3109 aptusque
1445 3027 1547 3091 direc-

887 3139 935 3193 tor
963 3129 1158 3195 desideretur.
1204 3132 1317 3198 liudem
1357 3140 1428 3198 item
1460 3131 1550 3214 fulto

886 3238 1043 3318 supposito
1076 3237 1220 3320 implicati
1248 3241 1375 3324 turpiori
1403 3242 1496 3306 adbuc
1526 3246 1549 3305 it

886 3341 1087 3409 obvolvuntur
1109 3365 1226 3427 errore,
1256 3349 1306 3430 qul
1333 3357 1457 3432 propter
1482 3351 1547 3412 lata

887 3460 990 3516 uonna
1004 3452 1205 3516 desistentem
1227 3453 1347 3520 decreta
1366 3475 1460 3538 neque
1475 3475 1547 3520 oae-

887 3563 1085 3623 remouarium
1108 3557 1222 3624 admitti
1242 3581 1332 3642 posse
1355 3564 1547 3628 oonmndunt.

259 3672 316 3736 27.
336 3665 515 3743 Diaconum
529 3665 568 3731 ed
584 3669 765 3734 oliertorium
781 3689 856 3752 por-
953 3670 1007 3732 27.
1031 3666 1171 3748 Reperire
1198 3687 1259 3731 uon
1280 3669 1481 3753 infrequenter
1502 3679 1548 3734 est

194 3772 270 3840 recti
290 3776 469 3857 presbytero
492 3775 653 3838 celebranti
676 3777 779 3840 caliois
798 3797 857 3860 pe-
887 3777 919 3836 itr
941 3774 1090 3855 germanis
1104 3774 1240 3839 ecclesiis
1261 3797 1354 3849 usum,
1377 3797 1434 3862 quo
1457 3776 1548 3842 multa

195 3881 263 3947 dem
292 3881 400 3946 dextra
429 3889 555 3964 ungens
577 3891 669 3946 totam
691 3883 856 3950 orationem
887 3879 1057 3942 abbreviare
1086 3890 1137 3944 aut
1174 3884 1261 3945 etiam
1290 3883 1443 3948 submissa
1475 3903 1548 3948 voce

193 3989 373 4074 ,etiaim
402 3989 480 4054 tite
509 4009 565 4054 una
595 4011 661 4056 corn
691 3992 857 4056 celebrante
887 3985 987 4068 legere
1012 3985 1133 4072 jubetur
1161 3989 1328 4069 celebrans,
1357 4010 1430 4074 quae
1452 4001 1547 4055 umen

195 4093 385 4181 tbieffibr'bilt'
397 4116 469 4161 roos
489 4097 571 4162 dicit.
596 4097 857 4163 Sedcaeteraoiii-
888 4113 928 4157 ex
963 4094 1097 4158 rubricae
1133 4101 1319 4178 praescripto
1356 4097 1415 4162 alte
1447 4107 1549 4162 essent

195 4206 249 4279 cia,
261 4223 382 4288 qnmum
390 4221 459 4269 curt
466 4205 533 4288 rosi
548 4204 697 4271 deficiente
705 4223 857 4270 serrarum
887 4199 1043 4265 emunda
1081 4202 1131 4264 Sic
1145 4221 1205 4266 non
1220 4205 1322 4268 multis
1338 4203 1445 4270 abbinc
1459 4211 1547 4270 anuis

195 4309 857 4396 coeremoniarummogistro,incumbere'alibi
888 4306 984 4373 notulc
1013 4308 1110 4372 solum
1138 4314 1281 4374 revisuris
1310 4312 1359 4376 bis
1392 4314 1479 4378 nobis
1517 4317 1547 4376 in

195 4418 302 4500 debet,
332 4420 371 4484 ad
403 4437 470 4486 anna
492 4419 603 4486 Romae
630 4427 855 4502 conspectant,
887 4419 994 4479 itinere
1015 4415 1157 4498 contigit,
1182 4427 1213 4481 ut
1234 4419 1406 4484 solemniter
1426 4424 1547 4484 mimam

878 4567 1091 4587 μ

899 4685 924 4754 ¹)
937 4687 1091 4738 lumentis
1103 4687 1128 4734 ἃ
1138 4683 1168 4736 li.
1180 4685 1206 4735 0.
1220 4687 1351 4752 intellige.
1363 4687 1468 4740 Confer.
1480 4701 1547 4750 quae

934 4775 968 4824 dc
977 4773 1147 4838 Anqaicpotit
1156 4773 1195 4826 ii.
1209 4776 1277 4837 sept
1290 4777 1357 4828 teti
1370 4779 1481 4830 diximus
1490 4789 1545 4846 cap.

935 4862 972 4918 iii.
989 4865 1017 4913 et
1026 4859 1055 4914 v,
1068 4865 1167 4928 prioris
1177 4863 1268 4930 perus
