3432 5230
155 370 320 457 pipelllede
348 371 589 441 Constitutloueiu
616 388 688 441 vom
717 377 812 445 delire
845 383 931 446 isse
960 374 1034 442 uter
1061 375 1112 442 die
1127 375 1299 463 amulung
1325 381 1380 446 dee
1407 376 1511 445 demin

155 482 273 544 nerium
294 481 379 544 Pium
400 480 463 546 und
483 482 559 546 liber
579 482 629 546 dle
642 482 905 565 Studien'ordsung
932 483 963 546 ln
981 485 1048 549 dem
1063 484 1258 552 Seminarium
1279 488 1313 552 S.
1326 484 1510 570 Apollineus

156 589 188 649 in
210 585 294 660 Rom,
314 586 480 652 abdrnken.
598 584 603 595 ”

821 778 850 839 1.

509 886 760 957 ΒΑΝΟΤΙΒΒΙΜΙ
781 888 820 953 D·
843 890 886 957 Ns
906 888 958 955 PII
979 888 1109 957 Peene
1129 888 1169 954 Ili
1216 933 1219 937 ›

316 1030 472 1083 Limnes
490 1029 708 1081 nPosuouces
726 1029 836 1091 QUIBUS
850 1022 1051 1081 sisinnium
1068 1030 1147 1101 smil
1164 1030 1370 1084 erlem'lnwll.

782 1158 890 1172 ῃ

221 1260 303 1323 Pius
316 1259 499 1344 'Episcopus
523 1257 640 1324 seruus
662 1257 826 1324 Serenum
846 1258 912 1323 Dei
932 1260 975 1324 od
995 1264 1174 1341 perpetuom
1195 1264 1246 1326 rei
1264 1263 1445 1328 memorium.
1576 1272 1582 1291 ’

286 1419 363 1486 Cum
392 1419 518 1485 Romani
548 1421 710 1486 Pantiliees
730 1421 919 1489 &aarum
948 1419 1056 1487 Nostri
1082 1420 1120 1485 de
1149 1421 1327 1491 ebristienue
1355 1434 1387 1489 et
1415 1424 1514 1489 eivllie

154 1528 337 1610 reipublicae
358 1529 437 1593 bono
452 1526 500 1592 vel
514 1529 644 1603 mxime
658 1526 791 1605 solbeitt,
813 1527 908 1610 deque
929 1532 1123 1610 manuam
1136 1530 1259 1607 artium,
1278 1535 1515 1613 optimorumque

132 1626 322 1699 ¹studiorum
345 1639 527 1699 lueremeuto
550 1644 594 1698 tot
615 1656 687 1700 seue
708 1637 879 1702 nominihus
909 1634 1067 1721 splendide
1096 1639 1195 1701 meriti
1224 1638 1319 1720 probe
1347 1645 1515 1714 noseoeent,

154 1750 337 1825 quantopere
357 1740 396 1805 ed
418 1749 561 1822 augustae
583 1743 759 1824 religionis,
788 1752 820 1807 et
833 1744 967 1819 ‚busane
989 1744 1143 1808 resistetis
1173 1742 1416 1819 ineolamltrtem,
1439 1765 1515 1826 pro-

155 1853 386 1932 speritatemque
422 1847 657 1930 procurandum,
686 1857 775 1933 etque
802 1848 841 1913 ed
868 1868 970 1914 veram
991 1869 1152 1935 senemque
1184 1849 1352 1915 doctrinam
1374 1850 1514 1917 tueudsn

154 1950 301 2021 eondoeel
322 1964 405 2019 reeta
426 1964 456 2019 et
476 1963 613 2019 eeeursta
636 1954 718 2021 Cleri
738 1957 901 2035 institutio,
923 1965 986 2023 tum
1007 1976 1079 2023 suas
1100 1960 1204 2021 omnes
1227 1975 1328 2030 emes,
1350 1959 1515 2038 rogitetle·
1588 1986 1591 1993 ⁴

153 2081 266 2145 nesque
278 2065 320 2131 ,in
340 2062 378 2141 iq
396 2066 575 2143 praesertim
596 2061 743 2144 singulari
763 2061 920 2144 vigilantia
941 2062 1089 2127 nouierre-
1104 2081 1252 2148 nunqueen
1281 2067 1515 2141 intermiserunt.

153 2181 187 2235 ut
206 2187 315 2235 omnes
343 2173 441 2232 veneti
465 2168 499 2231 in
527 2178 640 2233 sortem
662 2169 785 2239 Domini
813 2169 854 2233 ed
875 2174 1015 2252 pietatem
1036 2188 1210 2253 omnemque
1237 2170 1377 2237 virtutem
1408 2167 1515 2239 sedulo

154 2276 352 2358 ingerentur,
375 2292 410 2335 ee
429 2275 543 2339 litteris
566 2282 598 2338 et
619 2272 788 2355 disciplinis
810 2275 1000 2356 potissimum
1022 2275 1117 2339 serris
1137 2280 1195 2339 rite
1216 2276 1435 2350 inbueremur,
1459 2297 1516 2360 quo

156 2391 187 2446 et
207 2398 322 2445 morum
345 2379 501 2461 multene,
523 2387 554 2444 et
576 2381 739 2462 sapienties
761 2386 944 2463 preesteutle
965 2383 1040 2447 olari
1061 2377 1213 2463 fulgerent
1227 2391 1366 2467 torquem
1379 2385 1516 2450 lueeruue

155 2487 295 2555 ardentes
318 2490 350 2550 lu
371 2487 469 2551 Dono
490 2486 565 2565 Del,
594 2495 625 2550 et
646 2506 755 2568 megno
778 2506 899 2565 senae,
921 2488 1122 2569 publieeequa
1135 2494 1180 2553 rel
1203 2490 1270 2554 usui
1292 2499 1322 2554 et
1343 2499 1517 2559 ornamento

155 2602 268 2665 essent.
320 2589 514 2675 Quapropter
548 2592 638 2655 iidem
668 2592 832 2657 Pontidees
860 2590 1126 2674 providentissimo
1155 2594 1288 2678 quidem,
1317 2598 1517 2677 sapientissi-

156 2720 263 2786 moque
284 2700 423 2779 oonsilio,
442 2717 478 2762 ee
499 2698 624 2765 miriliee
646 2717 773 2781 prorsum
794 2699 995 2765 munilieeutie
1016 2700 1188 2767 innumerae
1209 2720 1306 2784 prope
1328 2721 1389 2766 nou
1412 2700 1515 2771 solunt

154 2810 189 2877 iu
208 2810 265 2874 beo
280 2806 361 2873 duee
374 2807 462 2885 llrbe,
484 2806 538 2871 sed
561 2806 669 2888 ubique
683 2806 818 2871 loeerum
838 2806 1026 2887 inuenies,
1048 2808 1224 2882 domineris,
1247 2805 1393 2890 Gollegir,
1416 2810 1517 2889 Lyeee

156 2917 205 2992 ael
230 2935 249 2984 a
275 2913 477 2981 fundamentis
506 2916 655 2993 exultare,
689 2913 739 2977 vel
760 2914 941 2989 instaurere,
977 2935 1070 2998 enque
1099 2906 1201 2983 robus
1216 2914 1356 2981 omnibus
1387 2919 1514 2992 monuo,

156 3024 315 3104 simisque
334 3019 555 3102 largitionibus,
576 3018 725 3087 reditibus
746 3017 936 3103 locupletare,
959 3028 989 3085 et
1010 3021 1209 3105 amplissimis
1232 3022 1395 3104 quibusque
1415 3012 1517 3091 bono·

155 3132 258 3204 ribus,
285 3128 445 3211 praemiis,
474 3124 642 3208 privilegiis
672 3124 831 3192 eumulnre'
845 3148 995 3211 nunquam
1017 3129 1227 3203 desertorum,
1251 3138 1283 3193 ut
1307 3128 1404 3194 bonae
1424 3137 1516 3203 arten
1646 3184 1653 3197 .

156 3236 430 3322 pedeberrlmneque
452 3233 627 3316 diseiplinrs
650 3234 801 3302 luendum
822 3237 933 3301 misere
954 3236 1082 3301 mulene
1100 3255 1135 3301 ee
1158 3243 1327 3318 prostrates
1350 3236 1387 3301 ed
1410 3256 1517 3301 nouam

157 3346 241 3430 queei
261 3348 354 3408 vitam
376 3344 529 3425 lucemque
550 3351 731 3417 revocarent,
754 3363 860 3427 eaeque
883 3347 916 3407 in
937 3348 1112 3413 venustatis.
1136 3340 1306 3426 gloriaeque
1327 3342 1517 3425 splendorem

156 3455 356 3524 melonem,
385 3457 416 3513 et
444 3454 528 3513 viros
559 3449 662 3515 divino
682 3451 841 3532 praeeipue
862 3449 1028 3515 ministerio
1050 3450 1188 3515 eddiotos
1216 3448 1257 3513 ad
1277 3448 1348 3515 illes
1371 3469 1428 3514 nne
1450 3468 1517 3517 eum

156 3557 306 3642 religione
326 3556 526 3645 aurolendas,
555 3564 642 3640 etque
664 3556 702 3619 ed
724 3577 859 3622 emotum
880 3558 1019 3623 tenebras
1044 3555 1247 3640 profligandas
1270 3561 1456 3635 uellerent,
1488 3566 1518 3624 et

157 3666 386 3731 ludnmmerent.
432 3659 516 3744 Quae
546 3665 663 3747 quidem
687 3664 842 3747 egregiam
871 3682 909 3727 eo
939 3663 1029 3746 plene
1057 3665 1226 3744 eieguluree
1250 3663 1517 3731 Praedeeessorunt

158 3772 339 3840 Nostrorum
362 3774 401 3837 de
430 3777 482 3854 pie
503 3790 539 3835 ee
568 3772 657 3836 dueta
678 3769 761 3836 Cleri
782 3772 971 3837 inuitatione
998 3768 1218 3835 sollicitudines
1246 3779 1277 3833 et
1304 3790 1406 3845 auree,
1436 3771 1517 3837 omni

160 3889 241 3945 esrte
264 3879 485 3963 praeueniens
506 3876 648 3963 mperes,
670 3881 838 3952 euenerunt,
862 3886 894 3942 ul
915 3878 1122 3963 quamplurimi
1144 3897 1184 3943 ex
1206 3882 1276 3960 ipso
1289 3876 1380 3943 clero
1400 3897 1519 3959 semper

159 3987 327 4069 prodierint
351 3985 423 4067 viri,
448 3990 498 4068 qui
519 3966 676 4052 exeellenti
698 3991 818 4069 iugenio
840 3985 985 4067 praediti,
1008 3985 1155 4068 rebusque
1177 3989 1301 4068 optimis
1323 3985 1459 4058 instituti,
1483 4003 1518 4051 ee

160 4098 240 4157 uitae
262 4098 420 4157 ruditate
443 4097 579 4176 spectati.
604 4104 633 4159 et
655 4092 844 4176 penitissime
864 4093 1052 4171 divinarum,
1074 4111 1245 4172 saererm,
1266 4092 1518 4175 humanarumque

159 4218 260 4265 rerum
281 4205 415 4276 solenne,
436 4209 467 4264 et
489 4204 648 4280 omnigene
670 4201 838 4265 eruditione
860 4200 1033 4271 clarissimi,
1056 4207 1141 4282 atque
1164 4199 1201 4263 de
1220 4196 1368 4265 eatbnlier
1381 4197 1519 4277 Euelesie

160 4307 256 4389 doque
278 4304 403 4370 humane
425 4307 583 4378 sorbete,
613 4316 643 4369 et
664 4305 811 4371 litteraris
832 4303 986 4387 republica
1013 4306 1138 4371 mirilioe
1164 4306 1264 4370 meriti
1286 4324 1387 4369 eorum
1410 4324 1517 4370 nomen

160 4412 376 4479 immortalitati
389 4413 644 4481 eommendrruut.
676 4414 716 4479 Et
737 4412 855 4494 quidem
878 4428 981 4479 omnes
999 4421 1107 4479 norunt
1121 4410 1281 4495 permulta.
1304 4430 1394 4493 eaque
1407 4428 1519 4494 megne

161 4530 194 4585 st
212 4521 358 4602 insignis,
388 4539 423 4584 ro
449 4540 600 4605 nonquam
631 4523 792 4585 interitura
816 4539 909 4600 opere
936 4520 976 4584 eb
1007 4517 1220 4591 eoelenasliais
1242 4516 1317 4582 viris
1340 4517 1517 4589 doetissime

160 4628 437 4711 sepleut'usimeqoe
462 4627 649 4701 elucubrate,
675 4635 762 4709 utque
793 4632 824 4692 to
850 4629 948 4691 lueem
977 4627 1073 4706 edite,
1107 4626 1214 4709 quibus
1243 4624 1517 4708 philosophicarum

161 4737 357 4820 praesertin,
378 4752 415 4799 ee
437 4733 670 4816 tlueologleerum
693 4754 792 4798 rerum
815 4738 989 4814 seientiam,
1013 4733 1215 4815 stultiusque
1234 4732 1317 4818 juris
1338 4732 1515 4807 doetriuern.

160 4853 194 4909 el
216 4860 320 4907 menae
341 4841 542 4924 proieueeque
564 4843 709 4907 historiae
731 4841 941 4924 cognitionem,
964 4850 995 4904 et
1016 4837 1219 4905 inuenerem
1233 4839 1409 4918 litterarum,
1430 4849 1518 4924 etque

162 4951 355 5038 ingenuerant
377 4951 488 5013 ertlum
511 4946 619 5013 rutum
642 4967 709 5017 eum
729 4949 863 5019 monimo
877 4947 1058 5015 ebrisnme
1079 4955 1110 5011 et
1126 4946 1224 5013 eivllls
1245 4947 1424 5032 reipublieee
1437 4947 1517 5037 boue
