3346 5216
1440 58 1489 140 ti

145 250 225 319 desei·
247 247 380 319 lirant
395 249 539 321 urano
555 249 731 330 Generalis,
751 252 839 340 sabis
861 250 922 317 late
942 274 1050 320 nomen
1070 255 1230 322 annuens
1252 257 1387 323 imonuit
1408 254 1492 323 orbb

146 357 316 438 ebuliens,
345 377 413 425 cum
444 360 577 442 Legatos
603 361 717 427 smmi
743 359 895 424 Pontificis
923 352 956 424 iit
979 360 1081 426 Gallia
1110 365 1223 446 ingenii
1244 360 1422 447 consiliique
1444 368 1493 429 sed

143 463 231 530 iumen
261 464 405 531 mandit
450 466 699 531 Emineniisaimo
729 485 801 531 vero
829 467 913 531 Petri
942 467 1092 534 cardinali
1121 469 1254 535 Patrisio
1282 470 1416 557 adjuncti
1449 472 1494 534 uti

146 572 270 639 ambre
292 574 532 657 conmeqationis
552 581 631 648 mut
654 582 773 656 premes
795 592 852 637 sex
873 576 1023 639 Romanae
1045 575 1189 641 meleeieo
1213 574 1375 659 praelatos,
1399 576 1495 641 etalii

145 681 352 765 duedecipe'seie'
379 681 458 747 uui
508 678 667 763 Principes
695 678 875 745 Cardineies
910 683 1006 746 sacris
1041 686 1159 749 tuendis
1195 684 1303 747 ritibus
1333 704 1391 749 unu
1427 702 1493 748 cnm

141 789 232 871 priore
263 787 442 870 praepositi.
494 782 611 866 Quibus
648 788 906 853 Eminentiseinis
940 790 1128 873 Principibus
1166 791 1494 872 beverendsrimirque

24 866 28 879 Ι
142 893 277 978 praelatis
300 895 695 977 manutenementum
718 893 969 960 Reveremiesinri
991 899 1097 965 Patres
1111 896 1308 964 Genrulleres
1323 895 1359 982 ¹)
1379 914 1494 963 188181

140 1003 266 1086 qnoque
279 1001 503 1068 Pontibeiarum
518 999 784 1067 Ceerereonlerum
803 1004 949 1085 magistri,
972 1007 1023 1087 qui
1038 1006 1183 1091 quidquid
1197 1003 1391 1087 vigilantibus
1407 1013 1494 1087 etque

139 1109 294 1175 bruniis
322 1118 371 1174 est
397 1109 612 1191 praestandum
633 1116 803 1191 praestant,
833 1128 1013 1193 semperque
1049 1112 1159 1178 ritibus
1193 1114 1300 1195 abique
1336 1108 1494 1175 namne

137 1234 258 1300 gneum
279 1236 404 1299 operam
419 1213 618 1299 solertemque
639 1215 822 1298 impendum.

268 1328 321 1390 ii.
365 1318 442 1403 Quis
462 1343 554 1405 perro
575 1323 711 1398 miretur,
734 1323 772 1385 eb
794 1322 851 1386 boc
865 1319 976 1387 selecto
997 1322 1235 1389 ehrissimornm
1257 1327 1389 1391 virorum
1408 1335 1493 1390 coetu

136 1433 224 1497 im
258 1429 475 1514 quamplurima
509 1438 540 1495 et
567 1439 633 1497 acta
661 1437 833 1531 constanter
868 1438 899 1493 et
926 1433 1047 1513 provise
1078 1433 1241 1515 prudenter
1277 1442 1308 1496 et
1344 1451 1492 1514 response

137 1540 309 1620 apiniani
329 1537 443 1622 Ecquid
465 1555 526 1601 non
539 1545 682 1620 poterunt
703 1538 869 1620 emperia
882 1538 1033 1621 iidemque
1048 1541 1186 1605 omuibus
1200 1538 1366 1622 sapientiae
1380 1540 1496 1605 estibus
1578 1562 1583 1569 ·

134 1646 195 1711 sani
216 1639 370 1727 18881891,
400 1644 508 1727 quibem
529 1646 590 1708 ista
610 1643 812 1726 congruatis
835 1647 1047 1726 componituri
1084 1647 1235 1729 Numquid
1259 1648 1333 1729 ipsis
1354 1667 1419 1711 nos
1438 1648 1495 1710 erit

133 1752 195 1839 jure
207 1753 325 1834 optimo
337 1749 545 1835 gratulandum
557 1753 701 1834 nobisque
711 1753 889 1833 praesertim
901 1752 1107 1817 mcerdotibus
1119 1755 1286 1819 eonomine
1295 1754 1496 1838 gaudendem,

136 1860 211 1943 quod
241 1860 357 1942 ingenii
385 1856 532 1939 animique
558 1859 638 1922 vires
667 1858 705 1921 ed
733 1860 779 1921 rei
801 1872 905 1923 sacrae
926 1860 1106 1940 praesidius
1128 1860 1326 1940 contulerint,
1355 1860 1494 1926 exoieies

134 1967 355 2031 emmonim
377 1965 579 2045 restituerint,
607 1965 789 2030 deformatas
809 1965 1024 2045 subruerint,
1046 1975 1135 2050 atque
1155 1970 1198 2032 ite
1220 1966 1354 2035 idolium
1377 1978 1494 2033 mentes

132 2076 169 2139 ed
197 2072 419 2141 altissimarum
454 2092 553 2136 rerum
583 2068 805 2136 meditationem
835 2073 986 2137 erexerint
1015 2074 1244 2160 donationisque
1273 2080 1343 2160 igne
1372 2070 1494 2141 infini-

134 2183 267 2246 wriati
295 2181 396 2245 Nemo
414 2181 526 2264 igitur,
554 2181 634 2264 qnod
655 2178 725 2243 inde
748 2176 915 2243 Gentem
933 2180 1031 2247 imur
1051 2192 1124 2263 pato
1145 2201 1237 2264 posse
1260 2184 1382 2257 deduci,
1406 2204 1495 2248 nemo

136 2291 264 2371 inqnem,
288 2288 400 2371 absque
410 2288 587 2353 11811111κί8
610 2290 681 2352 nota
694 2295 820 2367 spernet
833 2286 911 2351 latas
934 2307 952 2349 a
966 2288 1096 2352 Summis
1110 2291 1179 2353 istis
1193 2291 1382 2373 Principibus
1400 2286 1495 2373 leges,

140 2416 257 2478 quma
287 2381 397 2460 leudes
422 2395 577 2475 excipient
600 2397 789 2476 insequentes
816 2400 941 2459 1111188.
992 2389 1146 2474 0111111118
1173 2416 1244 2461 saro
1274 2399 1315 2462 sit
1344 2396 1495 2464 Emorum

144 2501 260 2567 Petrum
282 2504 380 2567 sacris
394 2502 503 2565 ritibus
517 2502 638 2567 18881118
650 2501 891 2583 praepositorum
909 2519 1004 2577 mene,
1025 2520 1169 2584 quaenam
1183 2506 1355 2571 1818811818
1369 2505 1497 2569 edendis

148 2610 206 2672 seia
224 2610 362 2689 88818111,
383 2612 417 2677 in
438 2608 573 2674 ierendis
596 2606 724 2693 legibus,
742 2605 808 2692 3181
828 2615 877 2671 eet
898 2608 1118 2691 exponendum.

674 2941 835 3033 capnt
855 2942 957 3016 ΙΙΙ.

599 3066 651 3135 De
679 3069 829 3137 Decretis
859 3069 894 3134 S.
926 3068 965 3134 R.
997 3071 1030 3135 C.

166 3212 382 3278 Argumentum.
420 3215 559 3281 obligandi
577 3221 691 3278 potestas
710 3216 931 3279 obligationisque
949 3217 1092 3277 amplitudo
1112 3216 1220 3265 dissitus
1238 3220 1298 3266 suut
1313 3228 1334 3267 s.
1349 3214 1378 3267 R.
1398 3216 1425 3268 C.
1447 3219 1495 3269 de-

215 3312 338 3358 cretorum
357 3308 433 3358 dotes
453 3306 495 3357 18.
526 3304 599 3355 Licet
614 3304 723 3355 Decreta
741 3306 769 3355 8.
781 3306 810 3356 ii.
823 3306 851 3357 ii.
870 3308 924 3356 sint
941 3308 1048 3367 propria
1066 3306 1143 3354 dietis
1161 3305 1266 3367 legibus
1284 3310 1496 3359 annumerandae

218 3396 257 3461 ¹⁸3
274 3409 290 3447 e
307 3408 374 3446 rere
386 3404 475 3448 innan
492 3398 649 3447 rubricistse
661 3398 799 3461 ubernent,
819 3399 864 3458 qui
876 3397 977 3446 ematis
995 3395 1075 3456 buius
1084 3396 1235 3447 2118881118
1246 3398 1364 3447 arbitriis
1382 3399 1496 3448 nniver-
1620 3444 1623 3451 .

214 3488 289 3537 seiam
307 3486 511 3550 amplitudinem
533 3487 652 3537 tribuunt
679 3482 792 3536 iii-20.
827 3484 931 3549 Duplici
949 3487 1079 3537 rationum
1096 3497 1198 3548 genere
1216 3484 1300 3535 ibasis
1317 3487 1449 3537 1118811111
1466 3500 1499 3538 ec

212 3579 338 3640 pnneipio
365 3578 460 3627 dantur
484 3579 639 3639 argumente
664 3578 840 3641 extrinseco,
866 3588 934 3638 quae
959 3575 1015 3635 ejus
1043 3577 1182 3625 veritatem
1208 3580 1264 3625 tum
1291 3575 1427 3627 indirecte
1443 3577 1496 3641 ²¹3

215 3666 235 3715 1.
253 3667 326 3733 112,
344 3672 401 3716 inm
411 3665 576 3728 direcie213
594 3663 618 3715 3.
631 3667 780 3729 ostendunt,
798 3665 933 3727 simulque
945 3666 1160 3714 adversariorum
1173 3665 1337 3725 objectationi
1348 3668 1497 3716 occurritur

211 3753 250 3805 22.
286 3756 436 3805 Succedunt
453 3756 551 3804 deinde
570 3759 725 3817 argumenta
743 3753 897 3804 r'ntrinsece
915 3752 949 3802 22
969 3766 1051 3816 eaque
1069 3755 1152 3815 petita
1172 3766 1203 3803 ex
1221 3754 1314 3820 rrrodo,
1334 3767 1383 3818 quo
1395 3756 1421 3806 S.
1431 3754 1459 3806 ii.
1468 3755 1496 3806 C.

211 3846 331 3907 expedire
349 3846 429 3896 dubia
449 3846 517 3894 solet
533 3844 585 3907 243
611 3857 642 3893 ex
659 3845 773 3895 decretis
791 3844 921 3907 oppositis
938 3846 965 3892 et
982 3845 1122 3893 contrariis
1139 3840 1191 3907 253
1222 3856 1252 3894 sn
1269 3848 1426 3911 occasione,
1446 3857 1496 3908 quia

207 3936 280 3997 plura
298 3937 406 3986 11181811
424 3936 539 3984 eduntur
556 3934 592 3984 27
610 3944 642 3982 ex
659 3935 793 3996 expressis
811 3934 1056 4000 econgregationis
1074 3934 1313 3986 declarationibus.
1344 3934 1379 3985 27
1400 3935 1492 3984 insius

211 4026 358 4087 nepotum
382 4026 410 4074 in
436 4024 658 4086 opportunitatem
682 4024 850 4076 demetarum
868 4026 926 4075 sive
944 4024 978 4075 de
1006 4037 1058 4074 non
1074 4025 1214 4088 pmeocde
1231 4034 1306 4076 cesse
1324 4027 1419 4077 lutari
1435 4036 1497 4074 cane

210 4115 317 4175 enudo,·
334 4117 392 4166 eise
410 4114 445 4163 de
462 4126 517 4164 mn
532 4114 649 4179 suendo
665 4113 751 4164 bireto
762 4113 910 4164 Doctorum
927 4114 1156 4179 §ieiunationibus
1173 4114 1428 4168 accelerassemus
1458 4113 1496 4165 lle

206 4207 371 4269 praescripto
394 4216 512 4255 recursu
534 4204 610 4266 plure
633 4208 815 4266 proponuntur
838 4203 881 4255 28.
919 4204 1027 4266 Quinam
1046 4206 1080 4254 iia
1098 4207 1214 4256 decretis
1233 4207 1399 4269 obligentur,
1428 4215 1497 4271 qnae

207 4296 378 4357 particularia
398 4306 458 4345 asse
475 4294 583 4343 aliunde
601 4297 674 4344 certo
694 4293 871 4344 8888181128.
890 4292 1013 4345 Praelata
1032 4296 1168 4345 doctrines
1187 4297 1270 4357 capiis
1289 4296 1316 4343 in
1329 4303 1408 4341 unam
1421 4305 1496 4344 sum·

212 4395 282 4434 mem
301 4385 411 4435 88118811
430 4386 542 4447 queiuer
560 4382 711 4443 corollarils
728 4382 883 4434 exhibentur
903 4385 947 4433 iiii.

275 4532 326 4594 18.
349 4528 518 4608 Antequam
541 4526 638 4608 ipsam
654 4524 865 4608 obligationem
888 4527 954 4592 18.
970 4527 1006 4592 R.
1023 4504 1213 4591 egereretur
1234 4524 1266 4587 in
1283 4524 1494 4590 conscientium

130 4635 287 4702 indutum
316 4634 501 4717 suscipimus
527 4632 722 4698 enamandem
753 4642 783 4696 et
811 4632 1033 4707 vindicandam,
1064 4628 1176 4713 duplet
1205 4629 1354 4714 imprimis
1381 4631 1418 4695 de
1440 4632 1496 4697 bac

192 4867 221 4933 ¹)
237 4866 354 4932 2111111
369 4868 479 4925 nmina
495 4869 617 4922 invenies
634 4865 768 4933 deseripia
786 4869 815 4920 in
831 4865 988 4919 calendario
1006 4863 1136 4937 8818188,
1152 4870 1199 4921 eui
1214 4869 1322 4921 tituinsr
1340 4858 1494 4935 ‚,nnirie.“
