3346 5216
189 301 284 373 sicu,
310 300 441 386 itemque
470 311 504 369 ut
531 308 682 369 commum
704 303 817 371 niuem
838 300 1027 387 stengelium
1049 314 1189 389 sequerer
1209 306 1344 391 ejusdem
1367 327 1465 373 eren-⁶

189 403 266 488 gelii
293 417 401 473 mntem
429 410 460 473 in
489 408 592 492 lingue
614 409 788 490 staverun,
818 431 891 494 quse
912 410 1013 476 omnin
1036 422 1140 477 contre
1161 415 1346 479 rubricarum
1366 435 1462 499 pree-

194 512 340 595 scriptum
360 517 547 598 approbante
569 519 627 581 rite
648 519 769 584 Summo
791 518 934 584 Pontifice
956 520 1037 586 licent.
1066 516 1099 603 ¹)

122 624 155 685 6.
183 621 236 685 Ex
264 620 390 704 speomli
418 622 553 692 lineriis
581 626 710 693 Rubn’cn
740 624 850 691 colluto
876 645 942 690 cum
968 629 1057 709 prrxi
1086 642 1112 692 s.
1143 626 1295 691 &manre
1323 627 1464 693 ecclesius
1601 640 1604 651 ·

186 727 306 793 videtur
326 749 392 801 mse
412 734 646 814 praescriptum,
676 743 709 797 ut
730 736 819 797 etium
839 733 874 797 in
895 735 985 797 missu
1008 732 1136 798 solemni
1158 733 1297 816 Epistol«
1317 731 1463 819 lupulus-3

185 836 242 903 eccl
270 835 377 901 nullibi
405 839 437 905 in
461 840 635 920 Germanis,
663 838 770 907 nullibi
799 842 830 904 in
855 839 955 905 Gellio
984 840 1031 905 vel
1055 843 1159 923 Belgio
1181 841 1267 906 cudis
1290 842 1462 908 turmot·

189 946 283 1009 misse
304 941 416 1009 lectam
437 944 608 1026 spectrum.
651 947 777 1012 Decium
799 966 871 1011 vero
893 969 912 1010 n
936 948 1073 1013 Romane
1094 950 1182 1031 pmxi
1205 968 1291 1012 usum
1311 970 1459 1034 nemquem

185 1055 324 1135 reperies
351 1052 399 1116 nel
428 1074 448 1117 c
474 1055 597 1120 Summo
624 1053 768 1119 Pontiice
793 1054 983 1134 demnatum,
1013 1052 1063 1119 rel
1092 1056 1131 1118 eb
1161 1053 1227 1141 ejus
1263 1054 1373 1140 legetis
1405 1077 1460 1122 re-

183 1159 361 1239 promtum.

229 1272 286 1334 22.
315 1262 397 1347 oud
411 1266 529 1350 quedl.
546 1264 741 1333 ecclesiernm
755 1266 950 1349 particulares
972 1268 1156 1351 decretisque
1179 1271 1322 1333 contrarii
1345 1289 1418 1334 unns
1440 1291 1462 1335 n

98 1372 227 1437 smmis
251 1374 444 1439 Pontificibus
465 1394 554 1458 scope
576 1376 637 1441 nint
661 1376 827 1456 omnigenis
848 1372 1014 1457 privilegiis
1034 1378 1207 1458 pugnisque
1227 1375 1330 1440 doneti
1351 1375 1457 1442 indul-

98 1480 227 1562 grntiis?
250 1481 344 1565 Atqui
364 1479 468 1563 plures
487 1481 609 1546 omnino
631 1491 700 1545 eunt
722 1478 882 1559 eeclesiae,
905 1502 979 1565 quse
1001 1485 1033 1547 in
1057 1483 1121 1546 suis
1143 1482 1284 1547 archiviis
1298 1481 1462 1565 diplomate

97 1588 228 1653 condunt
257 1597 290 1650 et
316 1588 469 1670 pontilicis
494 1586 638 1672 resenptr'
667 1597 803 1664 servunt,
835 1587 941 1671 quibus
970 1589 1139 1654 istiusmodi
1161 1590 1290 1652 rubricis
1312 1589 1455 1653 adversus

98 1672 329 1759 commonentes
361 1715 380 1758 n
409 1715 524 1763 summe
552 1697 584 1760 in
613 1694 740 1760 ecclesie
770 1697 930 1759 autoritate
958 1695 1113 1760 tolleretee
1138 1698 1219 1760 luere
1250 1705 1281 1760 et
1302 1698 1455 1779 probetne.

97 1803 150 1881 stc,
171 1812 209 1865 ut
231 1802 271 1867 de
293 1821 353 1867 unu
373 1812 487 1867 tentum
503 1804 647 1882 dicemus,
672 1801 741 1867 Pius
758 1803 792 1865 P.
808 1803 843 1867 P.
859 1805 910 1867 lx.
932 1802 985 1870 lel.
1007 1805 1318 1888 regemproscriptnm
1340 1800 1457 1888 olim²)

98 1910 169 1973 eb.
202 1910 241 1975 li·
267 1907 309 1984 C.
338 1929 427 1975 usum
453 1911 632 1993 rspmgendi
661 1910 791 1992 quotidie
818 1910 922 1974 fideles
951 1931 1027 1993 eque
1060 1912 1214 1974 benedictn
1240 1920 1313 1993 post
1341 1912 1454 1975 missus

98 2016 275 2080 mumdum
303 2035 400 2098 nuper
425 2038 481 2099 pro
511 2016 642 2081 diversis
672 2016 806 2081 locorum
828 2036 1081 2100 personarumque
1104 2014 1136 2100 8)
1165 2020 1400 2081 circumstantiis
1423 2026 1454 2080 et

21 2124 26 2137 '
97 2120 279 2189 widem
301 2122 379 2187 dixit
407 2133 438 2187 et
467 2122 665 2207 indulgentiis
687 2132 803 2206 septem
825 2143 972 2189 annorum
994 2123 1176 2207 totidemque
1199 2124 1452 2208 quadregemntm

98 2233 179 2294 toties
191 2264 237 2276 —
253 2228 602 2313 quotieslucriinciendls
617 2233 747 2297 ornarit
781 2227 1161 2312 numerumnunerum
1184 2232 1374 2297 Senctissinii
1396 2231 1456 2294 bn·

99 2336 231 2404 tinen
255 2336 330 2423 ldrji
356 2343 451 2405 1853.
495 2386 498 2391 »

223 2442 274 2508 Ex
296 2443 393 2512 nedib.
417 2446 449 2509 8.
474 2444 571 2526 (long.
593 2442 632 2508 do
654 2445 784 2528 Proprg.
808 2442 879 2507 me.

221 2551 325 2634 Neque
355 2562 403 2615 est
433 2570 486 2615 cur
512 2556 705 2638 opponentem
729 2550 851 2630 nudius,
886 2552 1042 2615 obversari
1071 2569 1115 2614 sc.
1146 2552 1261 2615 Summi
1295 2548 1453 2615 Pontificis

101 2660 182 2722 nenti
208 2677 273 2722 non
302 2674 420 2741 semper
447 2678 537 2741 pesse
566 2655 628 2722 latu
657 2658 730 2724 ed.
752 2658 790 2723 R.
814 2656 850 2724 0.
880 2656 998 2722 decretu
1029 2658 1199 2740 editusqure
1228 2660 1265 2722 rb
1293 2678 1328 2721 en
1355 2656 1453 2741 leges,

105 2764 191 2848 cepe
211 2763 331 2829 evenire
352 2763 441 2830 iecile
462 2785 537 2840 esse,
562 2773 593 2828 ut
614 2782 718 2829 errore
736 2764 828 2844 forti
848 2765 987 2848 deceptus
1011 2764 1089 2849 quod
1106 2766 1229 2829 vetitum
1252 2761 1449 2848 illicitumque

111 2870 150 2943 ἢ
165 2870 331 2955 privilegus
352 2879 448 2947 (Μ.

220 2980 388 3062 llemqnem
408 2977 441 3042 ln
456 2986 597 3065 promptu
612 2986 675 3050 est,
699 2979 777 3062 quod
799 2977 867 3041 buic
890 2978 1062 3059 exceptioni
1075 2996 1225 3059 repones3
1248 2994 1283 3041 nc
1293 2977 1448 3060 principio

122 3082 211 3163 milen
225 3089 296 3170 ipse
319 3086 459 3150 summm
482 3084 632 3159 Pontifex,
657 3105 723 3150 cnm
742 3106 759 3149 e
775 3081 859 3149 coelo
882 3082 1024 3166 delapsus
1047 3081 1184 3148 fulminis
1208 3085 1305 3148 inetur
1327 3085 1454 3148 nonsit

117 3206 174 3254 mre
189 3193 214 3258 in
234 3195 402 3259 Romnnum
417 3189 590 3257 Praesulem
613 3191 772 3257 electionis
788 3192 850 3265 die,
875 3192 930 3256 sed
952 3212 969 3254 e
992 3201 1094 3256 contre
1118 3191 1255 3274 pluribus
1275 3188 1340 3279 jum
1363 3200 1454 3255 enter

112 3298 179 3362 mir
196 3301 324 3379 liumus,
353 3308 385 3362 ut
413 3299 588 3381 plurimum,
618 3301 659 3363 sit
682 3307 879 3363 commoratus
901 3299 1090 3383 diversisque
1113 3303 1144 3363 in
1168 3298 1246 3364 Urbe
1268 3308 1320 3362 eut
1342 3296 1449 3362 srltern

108 3403 264 3472 inditione
292 3402 499 3470 ecclesiastice
525 3404 698 3470 muneribus
727 3407 863 3485 functus,
893 3406 1123 3471 consuetudines
1146 3424 1273 3489 ususque
1296 3404 1448 3470 Romanus

105 3509 231 3579 ederim
253 3513 366 3597 optime
388 3514 491 3590 novit3
527 3512 554 3576 si
577 3514 646 3595 quid
668 3514 762 3596 igitur
784 3513 925 3577 Romenis
948 3515 1129 3577 contrarium
1152 3514 1255 3578 usibus
1280 3512 1394 3591 sancit,
1423 3516 1451 3578 si

102 3619 160 3700 qnid
180 3621 299 3685 deviem
321 3640 339 3682 u
360 3619 490 3683 rubricis
511 3616 606 3683 clmne
629 3621 717 3685 Urbis
741 3619 937 3703 indulgentiis
960 3628 1102 3685 exornet:
1132 3620 1202 3702 quid
1224 3617 1323 3700 uliud,
1345 3620 1446 3694 sedes,

16 3796 18 3809 ι
98 3718 158 3790 inde
180 3725 321 3809 colliges,
351 3743 438 3809 quem
460 3727 594 3791 Remum
615 3726 766 3811 Episcopo
789 3747 963 3810 persuasum
994 3741 1055 3790 nun
1080 3744 1145 3790 esse
1166 3727 1284 3813 ipsique
1307 3748 1373 3791 cem
1395 3728 1448 3791 in·
1541 3718 1544 3728 ’
1615 3690 1620 3697 '
1656 3816 1657 3827 ἵ

16 3820 17 3823 “
95 3832 186 3898 idere
207 3832 378 3898 nullrtenus
401 3843 531 3897 mentem
553 3854 661 3915 posse,
682 3845 715 3899 nt
738 3837 907 3899 universnm
930 3853 986 3917 per
1003 3833 1106 3897 orbem
1129 3833 1266 3898 diffusum
1289 3832 1448 3899 ecclesium

94 3925 224 3988 minus
245 3924 376 3987 decretis
396 3923 428 3985 8.
450 3924 489 3989 R}
511 3922 547 3986 G.
571 3923 736 3989 obnoxium
758 3923 979 4010 subjectumque
1001 3921 1095 3987 velit?

220 4027 381 4123 Sciendum
401 4030 513 4095 deinde
525 4036 589 4108 est,
611 4028 688 4096 istus
709 4027 912 4115 indulgentius
934 4030 1057 4095 concedi
1073 4049 1193 4112 semper
1212 4031 1253 4094 ed
1276 4029 1443 4114 supplicem

92 4146 256 4218 pmmctnm
284 4134 419 4201 libellum
448 4139 660 4212 consuevisset
692 4136 824 4203 libellum
860 4156 933 4202 vero
966 4157 984 4199 e
1018 4137 1153 4202 Romano
1181 4136 1324 4202 Pontinos
1360 4133 1446 4199 Gon-

91 4245 311 4328 persimilem
330 4252 417 4308 enter
438 4244 537 4324 trudi,
560 4254 595 4307 nt
616 4244 652 4307 nb
676 4244 721 4309 ein
742 4247 784 4308 ite
806 4247 844 4310 nd
867 4247 1009 4309 trutinum
1031 4246 1168 4310 revocari
1190 4246 1290 4326 possit
1312 4251 1342 4305 et
1364 4256 1443 4305 exe-

91 4351 160 4415 nini
181 4353 301 4441 subjici.
323 4360 358 4414 ut
379 4351 478 4415 omnir
500 4352 602 4415 minus
624 4352 829 4417 convenientia
851 4371 890 4417 ex
910 4353 981 4435 ipso
1002 4360 1220 4435 expunguntur.
1266 4345 1349 4413 Nihil
1372 4367 1445 4431 ergo

92 4461 199 4523 emetri
220 4479 240 4523 ι
261 4479 288 4526 r.
309 4458 406 4538 bed03
428 4459 563 4541 permitti
584 4457 659 4523 nibll
681 4467 798 4542 potest,
821 4460 898 4543 quod
921 4472 1024 4523 renim
1047 4461 1260 4542 genuinamque
1284 4456 1317 4524 S.
1338 4456 1375 4521 Pe
1408 4454 1454 4521 O:

16 4736 17 4739 ’
140 4741 357 4811 &mmm

16 4840 17 4867 ¹
138 4830 170 4901 ²)
192 4836 237 4888 ee.
254 4832 308 4888 tu.
328 4828 408 4887 loce·
432 4822 436 4837 ’

16 4920 18 4957 r
142 4918 171 4990 ⁸)
192 4924 270 4983 conc
286 4918 320 4983 ll.
337 4920 404 4978 eur
421 4930 449 4979 n.
467 4918 513 4979 et.
530 4920 587 4991 (Δ.)
