3302 5224
31 4358 33 4409 i

31 4456 32 4515 l

1414 152 1476 258 'ou

124 370 231 438 iidoc
266 370 391 435 aucto
420 378 556 451 pupulam
582 366 689 431 otum
715 360 989 451 appositionemque
1016 346 1130 434 actual
1166 382 1234 435 cunt
1261 366 1475 439 deaureata

126 480 266 562 amorum
295 475 405 542 deinde
432 492 505 537 uero
534 476 635 557 ipsum
664 454 846 538 decretum
839 476 978 538 examini
1009 470 1202 562 subjiciemus
1235 470 1418 562 inquirentes
1442 483 1475 544 la

125 607 211 651 ruam
234 586 302 673 ejus
323 588 502 689 potestatem
525 582 746 664 aperiemirsqae
765 562 933 663 multuplo'au'
949 582 1040 646 ollio
1049 579 1145 668 loprae
1168 585 1269 651 deum
1290 585 1327 709 ab
1347 587 1476 652 adversa
1606 590 1613 601 '

127 686 199 778 parte
219 692 335 757 decreti
357 676 644 770 intemeratum
665 687 816 754 laborum

246 806 302 868 39
346 794 387 862 Et
409 810 499 861 sanet
520 792 611 875 Quod
634 796 697 860 erui
717 813 757 859 ex
780 794 963 860 Mmuaa
985 802 1181 879 responsione
1203 816 1296 880 posse
1319 810 1473 869 autumant

126 909 280 973 muniti
302 905 360 969 bac
381 903 474 968 reditu
496 902 549 967 Eu
569 906 668 967 mente
686 899 890 966 mmmm
903 884 1048 982 judicum
1071 907 1172 970 omnus
1193 904 1319 972 decreta
1334 904 1368 972 S.
1383 906 1424 972 li.
1442 902 1476 973 0.

125 1014 173 1082 tell
198 1015 283 1079 aunt
304 1012 424 1099 affeetu
454 1007 632 1075 autumali
649 1006 806 1093 amarat
823 1010 874 1088 oi,
895 1015 933 1075 ul
954 992 1128 1096 quicunque
1149 1012 1304 1079 coclearii
1324 1034 1398 1081 usuc
1417 1034 1475 1101 per

123 1123 182 1205 lpto
209 1122 334 1185 moeri
359 1121 468 1185 merito
502 1114 633 1182 delerat
660 1137 678 1179 c
705 1116 801 1181 medio
830 1116 972 1202 alique
993 1116 1126 1197 sallat,
1155 1142 1208 1186 sea
1242 1122 1319 1209 quod
1342 1124 1373 1188 in
1395 1122 1476 1188 idem

21 1294 23 1303 ,
123 1229 235 1296 addit:
256 1227 431 1294 estuanti
450 1222 732 1323 eumaellouaauue
753 1225 818 1293 itit.
843 1226 1094 1310 Oouprepatu’oals
1117 1235 1295 1309 comparata
1317 1232 1366 1296 se’e
1389 1233 1475 1314 mul,

21 1352 23 1365 ’
124 1342 155 1401 ut
175 1352 216 1402 ec
246 1337 407 1401 ausimum
436 1333 606 1397 ulmum
635 1336 678 1398 u‘r‘e
700 1336 789 1396 utare
809 1350 869 1397 uuoa
891 1329 987 1398 mum
1008 1330 1058 1399 illl
1079 1336 1263 1413 teneantur,
1282 1356 1341 1419 pra
1365 1336 1477 1424 quidue

123 1440 168 1509 ula
191 1442 336 1524 mactae
366 1456 435 1506 eruc
459 1436 529 1503 luto
557 1439 663 1504 mult
688 1436 797 1516 litera,
824 1439 880 1504 sed
906 1444 1001 1506 etatum
1030 1440 1151 1529 alapae
1172 1441 1353 1510 dt'aeru'mu‘ne
1383 1446 1474 1527 facto

123 1553 261 1636 quotquot
292 1548 368 1613 sual
393 1564 451 1629 per
472 1544 580 1611 muca
609 1542 758 1613 ccdculuc
787 1549 845 1611 aul
873 1548 992 1624 metae,
1022 1547 1132 1629 verbo,
1178 1568 1213 1614 ea
1250 1550 1474 1617 universalitate

121 1659 258 1741 guadeat,
294 1656 324 1719 si
351 1655 541 1718 adversarios
568 1653 719 1718 demotum
755 1660 928 1719 castrantes
959 1654 1086 1736 'audlas,
1124 1676 1180 1741 qua
1214 1658 1367 1739 praeditus
1405 1648 1487 1724 esse‘

121 1774 246 1829 caeteras
268 1762 424 1846 generales
443 1761 615 1825 Pontificius
637 1759 720 1843 leges
741 1762 918 1843 profitentur
940 1760 1087 1827 catholici.
1134 1762 1227 1848 Atqui
1249 1784 1343 1850 nequeo
1366 1764 1473 1849 aidngi

119 1873 256 1936 Rammis
278 1870 467 1952 Principibus
489 1886 575 1933 mens
597 1865 668 1932 talis
690 1870 723 1931 in
747 1869 881 1933 audenda
902 1870 1002 1953 abque
1022 1866 1107 1955 lege,
1137 1862 1232 1955 neque'
1256 1872 1320 1936 erui
1344 1890 1474 1957 umquem

119 1990 208 2061 potest
236 1996 276 2041 ex
299 1996 472 2063 quoeunque
495 1977 529 2043 S.
554 1978 588 2041 it.
612 1972 648 2040 C.
672 1975 792 2039 decreto
814 1976 951 2040 doctrina
973 1974 1062 2056 baec,
1097 1978 1168 2060 quin
1190 1996 1309 2042 sacrum
1332 1978 1387 2043 bec
1412 1980 1475 2044 tri-

119 2084 200 2150 bunal
222 2093 256 2148 et
277 2085 363 2166 gravi
384 2085 569 2147 accusatione
591 2079 724 2166 aepleeiu'
734 2081 842 2162 officit·
861 2092 999 2147 oneretur
1023 2092 1053 2146 et
1076 2080 1165 2148 simul
1188 2085 1277 2150 etiam
1301 2088 1474 2169 aecumu‘peo

120 2195 243 2276 turpiter
267 2192 486 2255 commitatur.
526 2190 710 2277 llejleienda
739 2191 833 2273 igitur
860 2193 967 2255 merito
990 2200 1038 2254 est
1059 2189 1193 2278 subjecta
1222 2193 1259 2258 ab
1291 2192 1476 2257 adversariis

121 2297 234 2364 decreto
259 2307 405 2380 potestas.
519 2326 525 2337 e

242 2405 290 2468 De
311 2404 503 2486 subsumptae
525 2404 740 2485 propositionis
762 2402 887 2467 ueritate
908 2414 1007 2468 autem
1029 2424 1090 2469 non
1113 2412 1175 2479 est,
1199 2424 1253 2467 cur
1275 2406 1476 2489 ambigamus.

116 2514 245 2598 damam
277 2516 307 2575 si
328 2514 495 2595 ymainum
518 2509 696 2574 iiioeatu'm'
721 2510 834 2573 decreti
862 2530 982 2574 sensum
1012 2512 1080 2575 datu
1107 2513 1318 2595 interpretatio
1342 2512 1474 2587 exbibet,

116 2622 227 2685 auvari
253 2627 336 2683 certo
358 2615 467 2683 nullibi
488 2617 577 2682 debet
596 2616 798 2696 consuetudo,
819 2615 910 2682 simul
933 2637 968 2681 ac
996 2639 1054 2700 pro
1075 2636 1245 2701 quocunque
1267 2620 1388 2683 tandem
1410 2618 1477 2683 loeo

117 2736 161 2790 rat
187 2724 325 2809 collegio
352 2722 445 2789 letam
475 2726 517 2788 sit
540 2714 642 2789 contre
666 2742 730 2788 eam
753 2724 922 2803 decretumu
948 2725 1026 2803 imo,
1049 2744 1115 2787 cum
1139 2727 1332 2808 praescriptis
1355 2748 1374 2790 a
1398 2724 1478 2809 legis

120 2830 207 2898 latore
229 2832 383 2897 abusibus
412 2831 662 2896 annammeranda
684 2834 725 2895 ait
748 2830 927 2894 consuetudo
953 2829 1044 2911 talis,
1074 2830 1320 2914 quemadmodum
1350 2841 1379 2895 et
1401 2832 1478 2895 sub·

124 2937 175 3003 lite
193 2927 340 3005 standum
362 2946 408 3002 est
428 2936 489 3020 legi
510 2939 693 3021 superioris,
720 2934 826 3000 relicte
854 2938 1086 3018 consuetudine,
1125 2947 1155 3002 et
1176 2938 1322 3021 superiori
1346 2940 1479 3021 vicissim

126 3045 344 3128 insipiendam,
367 3054 400 3109 ut
422 3045 593 3109 executioni
614 3043 667 3108 lex
688 3044 844 3108 mandetur
865 3064 883 3107 a
905 3042 1042 3108 subditur
1063 3047 1121 3124 ita,
1144 3046 1172 3108 si
1193 3046 1360 3128 superioris
1385 3041 1476 3129 culpa

124 3154 313 3219 enudat-tn
336 3153 425 3234 praxi
446 3150 668 3228 nondesinat,
700 3151 777 3235 quod
805 3145 975 3215 tollendum
1002 3151 1124 3215 omnino
1147 3152 1189 3215 uti
1208 3153 1324 3218 'abusus
1347 3150 1474 3218 solemni

120 3255 230 3325 decreto
252 3256 378 3323 subdito
396 3257 461 3343 jam
483 3257 708 3331 est-indictum,
741 3274 802 3322 non
829 3260 929 3322 minus
949 3258 979 3322 ia
1002 3260 1059 3322 erit
1080 3255 1217 3344 aspicell
1235 3263 1372 3324 manmit
1394 3280 1475 3339 reus,

119 3382 200 3447 qam
220 3362 357 3432 interior
376 3363 505 3429 violatm
528 3363 624 3448 legis,
658 3362 707 3448 qui
728 3362 912 3446 legislatoris
935 3365 1045 3448 optatis
1068 3384 1129 3429 non
1151 3365 1324 3448 respondet.
1386 3367 1479 3450 Atqui

120 3472 150 3533 in
169 3473 325 3556 prebenda
346 3471 427 3537 uest
449 3469 483 3553 ¹)
507 3468 682 3555 diligentem
703 3488 826 3555 operam
847 3468 1047 3555 impendimus
1068 3466 1231 3536 efferendis
1255 3472 1413 3556 exemplis,
1437 3488 1478 3540 ex

117 3579 217 3659 qm‘bne
237 3570 401 3645 mmite'sto
421 3586 555 3661 apparet,
579 3580 615 3646 Β.
631 3574 719 3643 Μ.
744 3594 895 3643 sesemen
919 3576 1073 3669 difficilem
1095 3576 1253 3643 admodum
1275 3581 1419 3661 praebere
1441 3581 1475 3644 in

118 3682 310 3751 udffltcndis
331 3680 540 3751 laudabilibus
562 3686 676 3759 usibus,
698 3684 748 3769 qui
762 3680 891 3749 rubricis
908 3682 1097 3769 decretisque
1113 3682 1177 3749 suis
1193 3687 1336 3751 contrarii
1353 3686 1476 3751 omniuo

120 3796 305 3878 appositique
326 3796 399 3857 siat.
443 3791 491 3857 lix
511 3791 571 3855 boo
591 3801 688 3857 auam
711 3791 780 3876 qnid
803 3790 860 3855 erit
881 3792 913 3855 in
935 3791 1061 3856 adversa
1083 3790 1244 3874 hypothesi
1267 3794 1479 3877 consequens?

118 3895 231 3965 utilium
244 3918 303 3966 non
315 3902 390 3963 setis
409 3899 517 3964 iecisse
532 3903 650 3962 muneri
671 3916 726 3961 suo
741 3898 858 3979 Patres,
880 3897 928 3963 vel
944 3912 1010 3962 cnm
1025 3901 1057 3962 in
1071 3908 1263 3963 sacrosancta
1278 3892 1476 3983 Patriareball

118 4000 312 4071 tammari
335 4000 424 4071 Urbis
446 4004 569 4069 basilica
591 4024 609 4069 a
635 3999 855 4069 celebrantibus
878 4001 1012 4070 missalis
1035 4005 1184 4071 rubricam
1206 4008 1330 4091 impune
1351 4006 1477 4086 insuper

115 4105 218 4177 baberi
240 4116 432 4197 permittant,
461 4110 509 4177 rel
532 4131 599 4175 cum
622 4112 793 4175 sacerdotes
816 4112 847 4175 in
871 4111 997 4177 ecclesia
1020 4114 1088 4177 smi.
1113 4114 1253 4178 Nominis
1276 4112 1351 4178 lesu
1372 4112 1475 4176 uetitis

114 4234 170 4297 pac
198 4220 319 4284 decreta
346 4223 527 4303 paramentis
554 4221 596 4282 uti
624 4227 757 4282 tacentes
784 4219 917 4294 videant,
948 4216 997 4283 vel
1027 4237 1092 4283 cum
1123 4218 1301 4283 Mantuanae
1332 4213 1477 4283 ecclesiae

114 4321 277 4417 cinericia
293 4325 384 4392 litore
399 4336 518 4411 praeter
532 4325 630 4409 legem
644 4327 834 4390 amistentem
850 4326 1058 4410 presbyterum
1070 4322 1210 4390 adbibere
1224 4319 1477 4411 significarintlj

112 4428 200 4498 Haec
229 4438 310 4499 enim
339 4418 440 4498 omnia
461 4434 499 4496 ad
529 4431 718 4498 exoletarum
740 4434 999 4498 courmoniurum
1021 4435 1248 4498 restitutionem
1270 4433 1329 4495 aut
1350 4430 1393 4496 ad
1415 4429 1476 4495 de·
1503 4521 1506 4525 ‚

31 4520 35 4587 i
106 4547 317 4616 mierum
336 4542 585 4623 resurrectionem
614 4542 780 4625 pertinent,
808 4558 931 4625 qamum
960 4556 1061 4607 curam
1090 4539 1259 4606 incumbere
1288 4554 1391 4605 merae
1413 4539 1474 4606 itit.

111 4682 333 4713 *ιιι-..ιι-
393 4688 396 4693 ’

146 4804 455 4887 ¹.)Capll1.n.21.

29 4908 35 4951 r
163 4888 194 4963 ²)
220 4897 276 4951 liae
293 4888 458 4952 uaricum
475 4897 689 4963 peremniter·
707 4898 889 4953 commentarit
907 4900 1029 4969 purten.
1047 4891 1083 4950 ³2
1101 4892 1146 4965 (B)
1167 4899 1197 4951 ta
1214 4895 1317 4951 bearet.
1333 4895 1473 4969 muca

224 4990 268 5044 it.
286 4986 360 5043 lanii
379 4987 449 5042 ltili
468 4989 668 5055 disputabimus

1210 5068 1262 5140 70
