3330 5222
663 418 1090 566 nrnnnnnn

194 663 217 708 a
253 641 428 708 Celaieea'aa
466 644 498 705 ei
525 638 973 721 Raamur·ran0⁴1’anripe
1008 638 1244 723 Archiepiecapo
1289 642 1451 705 Ii'eaaeaei
1485 661 1547 725 qua

199 732 385 815 Majeetatia
402 731 489 798 Saue
504 732 673 797 Caesareae
686 726 964 806 Plemboteate'ario
987 728 1030 790 ad
1043 726 1321 795 Emineata‘eaimum
1343 734 1375 793 et
1389 729 1548 795 Reverea-

199 823 360 889 stramem
381 820 544 887 Dominum
560 818 651 883 Me'eh.
675 813 1020 883 sussuranensis
1050 815 1133 882 Vr'ale
1146 815 1243 883 Prelh
1265 838 1326 902 qaa
1349 816 1551 884 Sanetieeiari

589 906 701 971 Patria
723 904 1030 985 Plaripataatiara'mn
1052 907 1156 972 datae.

285 1244 526 1310 Eminentissime
547 1262 582 1306 ac
604 1243 864 1308 Reverendissima
886 1244 1028 1309 Domine!
1066 1245 1192 1309 Damius
1223 1243 1459 1310 Calendissime!

330 1413 463 1488 Eciiesia
487 1422 629 1487 catholiea
652 1440 797 1505 nunquam
821 1442 879 1486 noa
903 1432 950 1485 est
971 1442 1056 1495 area,
1079 1423 1216 1507 adquam
1240 1422 1414 1506 confugiunt
1436 1444 1561 1503 omnes,

197 1516 254 1598 qui·
270 1510 345 1575 salvi
368 1512 440 1575 bunt
463 1513 494 1574 in
518 1512 609 1574 eitam
623 1520 793 1588 aeternam3
817 1512 912 1575 notrIs
935 1522 1032 1574 autem
1049 1513 1232 1594 temporibus
1248 1513 1394 1577 Dominus
1410 1515 1549 1578 mundum

197 1600 427 1686 promissionum
443 1600 558 1664 Christi
574 1598 698 1664 oblitum
716 1600 892 1663 clarissimis
907 1601 1090 1683 argumentis
1107 1602 1232 1679 edocuit,
1247 1600 1419 1684 temporalis
1437 1625 1551 1688 quoque

196 1687 275 1753 ritae
305 1690 391 1752 bonis
419 1691 581 1772 pessImam
612 1690 764 1754 imm'nere
798 1691 930 1763 ruinam,
968 1690 1026 1751 nisi
1059 1689 1211 1754 Ecclesiae
1242 1684 1382 1754 salutaris
1421 1693 1550 1757 influxus

198 1779 351 1843 societatis
375 1777 472 1841 civilis
495 1779 683 1843 fundamenta
706 1779 868 1842 confirmet.
915 1779 1056 1841 Vicissim
1079 1788 1289 1861 tempestates,
1321 1780 1426 1862 quibus
1448 1782 1550 1864 agitati

197 1888 318 1946 mmus,
341 1868 424 1935 haud
452 1869 578 1931 obscure
608 1869 780 1939 innuerunt,
812 1870 911 1950 qrnnti
938 1889 994 1950 pro
1023 1866 1159 1932 Ecclesia
1182 1869 1240 1932 Dei
1269 1871 1487 1944 memorarit,
1519 1881 1553 1935 nt

107 1964 110 1969 ’
196 1967 333 2042 potestas
355 1956 455 2020 civilis
484 1960 620 2022 &onem
652 1957 820 2039 cupidinum
849 1956 1108 2023 licentiammaau
1130 1958 1203 2021 lorti
1224 1968 1411 2040 compescam
1442 1960 1552 2042 quippe

197 2056 303 2112 nostro
324 2066 396 2111 aevo
412 2044 567 2111 Ecclesiae
589 2067 640 2111 res
663 2055 711 2110 est
733 2065 798 2110 cum
820 2046 960 2124 factione,
983 2066 1058 2129 quae
1077 2066 1138 2111 non
1161 2056 1274 2133 tantum
1297 2048 1385 2112 tidem
1408 2048 1552 2113 divinitus

197 2137 346 2217 infusam,
376 2135 430 2199 sed
461 2136 549 2198 etiam
580 2134 743 2199 naturalem
775 2134 929 2218 religionis
959 2156 1080 2199 sensum
1110 2137 1247 2201 funditus
1276 2146 1407 2201 evertere
1429 2146 1553 2202 conatum

198 2226 277 2291 freta
292 2223 464 2287 commentis
482 2245 574 2306 prava
589 2234 652 2287 arte
667 2227 709 2288 ita
723 2224 877 2289 adornatis
894 2235 925 2288 ut
940 2224 1085 2299 animum,
1109 2245 1181 2308 quae
1197 2246 1251 2289 sua
1267 2234 1347 2305 sunt,
1368 2237 1553 2311 quaerentem

198 2314 386 2377 vehementer
408 2325 620 2380 commoveant.

332 2420 388 2485 Ubi
417 2421 624 2503 perversitatis
655 2420 847 2501 praeconibus
875 2418 1000 2485 liberum
1031 2430 1105 2499 est,
1134 2422 1172 2484 ad
1203 2419 1330 2504 populos
1360 2421 1552 2487 lasciuandos

200 2518 305 2573 cuncta
327 2529 521 2592 componere,
544 2530 691 2591 nunquam
715 2509 854 2581 deerunt,
879 2512 929 2593 qui
952 2531 1025 2574 sana
1047 2511 1161 2573 ratione
1184 2511 1297 2574 irustra
1318 2507 1499 2574 reclamante
1520 2513 1552 2576 in

128 2602 131 2607 '
201 2599 413 2681 magistrorum
441 2596 531 2661 verba
556 2599 674 2684 jurent,
706 2609 792 2682 atque
819 2600 1008 2662 renovabitur
1037 2600 1216 2662 abominatio
1239 2596 1448 2673 desolationis,
1481 2621 1554 2683 quae

200 2696 270 2751 anto
292 2687 404 2771 aliquot
426 2709 522 2752 annos
546 2688 668 2769 inipso
693 2683 759 2751 Ioco
783 2696 904 2760 sancto,
929 2688 1077 2770 Principis
1102 2687 1215 2751 seilicet
1237 2687 1451 2769 Apostolorum
1473 2691 1554 2768 sede,

202 2786 284 2842 stare
306 2780 412 2860 coepit.

333 2885 394 2948 IIis
416 2885 459 2948 ita
481 2885 657 2966 compositis
679 2886 775 2967 magis
798 2905 884 2968 qnam
906 2903 1032 2968 unquam
1053 2884 1256 2967 exoptandum
1271 2893 1327 2963 est,
1350 2894 1382 2948 at
1395 2884 1553 2967 Imperium

206 2994 273 3038 cum
297 2975 464 3039 sacerdotio
487 2973 524 3036 ad
547 2974 688 3037 tuendum
703 2975 759 3038 Dei
780 2974 813 3036 in
835 2976 924 3036 terris
947 2994 1070 3055 regnum
1093 2972 1218 3038 fideliter
1241 2973 1403 3057 conspiret.
1448 2976 1555 3055 hugu-

203 3063 359 3128 stissimus
382 3084 452 3126 vero
474 3063 612 3128 Austriae
633 3062 798 3144 Imperator
824 3064 903 3125 avita
930 3063 1037 3144 pietate
1062 3064 1167 3127 ductus
1190 3062 1265 3149 nihii
1288 3066 1420 3128 sanetius
1442 3064 1555 3139 habuit,

203 3174 289 3237 qnam
318 3162 350 3216 ut
382 3152 570 3214 concordiam
601 3171 702 3214 sacrae
733 3162 819 3234 atque
849 3149 949 3214 civilis
978 3153 1136 3234 potestatis
1159 3153 1190 3215 in
1212 3150 1371 3217 latissimis
1394 3153 1553 3217 ditionibus

203 3251 325 3324 sceptro
363 3241 439 3327 Ejus
478 3241 621 3327 subjectis
658 3242 862 3304 intemeratam
900 3242 1163 3323 Inconcussamque
1201 3242 1346 3309 subiliret.
1405 3245 1553 3321 Regnator

202 3332 335 3395 omnium
358 3333 442 3395 Deus
463 3330 678 3394 incrementum
700 3331 826 3412 benigne
852 3331 932 3393 dedit
954 3333 1014 3408 eis,
1037 3351 1074 3412 qu
1094 3351 1109 3392 e
1131 3330 1168 3394 ad
1190 3320 1289 3411 ipsius
1314 3328 1551 3395 sanctificandum

204 3441 311 3484 nomen
335 3429 576 3501 suscepturum,
601 3429 630 3481 et
653 3430 830 3484 conventum
854 3429 900 3482 est
922 3419 960 3482 de
982 3351 1124 3497 articulis,
1156 3439 1230 3501 quos
1254 3430 1314 3482 tam
1336 3441 1353 3482 a
1375 3416 1551 3491 santissimo

177 3511 306 3607 'Patra
342 3529 427 3590 quam
457 3508 656 3590 aMaiestate
684 3510 743 3572 Sua
772 3518 855 3573 ratos
886 3528 953 3571 esse
981 3507 1151 3586 habendos,
1180 3509 1346 3572 addubitari
1367 3506 1419 3568 rix
1443 3515 1553 3587 potest.

204 3594 303 3677 Quum
333 3606 430 3660 autem
460 3597 490 3659 in
521 3607 620 3660 tantae
650 3597 739 3661 molis
769 3597 981 3681 gravitatisque
1003 3617 1095 3678 opere
1118 3596 1258 3660 nonnulla
1282 3595 1449 3676 supersint,
1480 3614 1553 3676 quae

204 3685 378 3753 meminisse
396 3687 498 3772 juvet,
521 3687 762 3767 Augustissimus
783 3688 946 3768 Imperator
968 3686 1041 3748 mibi
1063 3685 1094 3749 Ia
1111 3685 1265 3748 mandatis
1289 3684 1386 3761 dedit,
1410 3693 1458 3761 ut,
1482 3703 1554 3766 quae

205 3785 375 3861 sequuntur,
398 3775 582 3840 Eminentiae
604 3777 729 3839 Vestrae
752 3774 1027 3840 Reverendissimae
1049 3774 1270 3838 commemicem.

243 3892 246 3896 ⁴
336 3898 361 3962 Ι.
401 3900 555 3987 Majestati
579 3903 654 3963 Suae
677 3900 758 3963 cordi
782 3898 904 3963 omuino
927 3908 981 3970 est,
1007 3909 1037 3961 nt
1059 3899 1091 3963 in
1115 3897 1278 3963 studiorum
1302 3894 1553 3959 Universitatibus

203 3990 279 4055 fides
294 3990 396 4053 horeat
419 4000 448 4051 et
469 3992 575 4071 pietas.
622 3988 796 4067 quItiieria,
819 4009 903 4071 quarn
920 3988 1044 4052 seientia
1065 3989 1192 4053 bumana
1213 3986 1302 4069 parit,
1324 3983 1441 4049 utilitas
1464 4005 1555 4066 prae-

205 4078 311 4143 sertim
334 4098 372 4142 ex
388 4076 508 4142 saeculo
523 4077 623 4142 XVIII.
648 4076 820 4142 multifarie
843 4077 993 4140 erroribus
1016 4081 1100 4161 quasi
1116 4074 1242 4140 nubibus
1265 4075 1390 4137 obducta
1403 4085 1458 4146 est,
1483 4092 1555 4156 quae

15 4164 16 4175 ’
81 4228 85 4239 ,
205 4178 237 4232 ut
252 4167 389 4231 veritatis
407 4165 472 4230 Iuce
487 4167 680 4249 dissipentur,
703 4167 800 4248 ipsius
823 4167 974 4259 speietatis
997 4167 1139 4231 humanae
1162 4186 1247 4247 quam
1270 4164 1398 4228 maxime
1420 4165 1555 4226 interest.

205 4260 320 4322 Tantae
343 4259 384 4320 rei
409 4259 440 4319 in
463 4257 571 4321 studiis
594 4256 781 4336 generalibus
803 4256 978 4319 ordinandis
1008 4254 1239 4338 diligentissime
1269 4254 1413 4316 rationem
1436 4252 1555 4328 babere,

205 4345 360 4431 Majestati
390 4349 465 4411 Suae
494 4348 681 4428 propositum
714 4356 770 4408 est.
825 4344 918 4409 Multa
947 4355 1033 4423 sunt,
1064 4366 1136 4428 quae
1159 4344 1317 4422 suadeant,
1349 4352 1381 4405 ut
1404 4361 1556 4404 sacrorum

206 4434 368 4498 Antistites
399 4436 431 4499 in
452 4433 713 4511 ¹Universitatibus
740 4432 1000 4499 Arabicaneellarii
1031 4455 1085 4497 seu
1107 4429 1286 4497 Cancellarii
1316 4440 1417 4513 partes
1447 4441 1556 4512 agant3

207 4531 352 4605 quatenus
376 4522 569 4589 difficultates
591 4522 720 4602 obstent,
743 4526 773 4587 ia
798 4520 968 4587 facultatem
991 4533 1086 4587 tamen
1110 4520 1306 4603 theologicam
1329 4517 1448 4582 secluso
1473 4518 1556 4583 Can-

207 4608 334 4711 cellprii,
358 4612 407 4675 ubi
430 4614 526 4691 adest,
548 4612 648 4677 officio
671 4611 850 4694 peculiarem
872 4613 1014 4677 iubarum
1037 4610 1226 4675 exercebunt.

339 4732 375 4799 II.
405 4736 452 4799 Ad
475 4737 687 4802 erumnandos
705 4734 821 4800 laureae
837 4734 1022 4819 theologicae
1045 4737 1110 4799 sive
1128 4733 1208 4821 juris
1231 4732 1367 4798 canonici
1381 4733 1558 4798 candidatos

208 4846 263 4909 per
282 4821 434 4890 Austriam
464 4823 546 4888 nulio
576 4849 635 4891 non
666 4837 797 4908 tempore
820 4823 1034 4899 riricatboiici
1058 4821 1214 4891 exclusive
1237 4833 1308 4890 sunt
1330 4824 1472 4900 adhibiti,
1502 4824 1557 4887 sed

207 4923 239 4983 et
259 4911 485 4984 adhibebuntur.
