3392 5218
162 165 240 240 396

478 359 516 425 A.
1176 358 1211 422 li.

160 452 281 529 diriberi
310 469 340 528 in
374 465 449 529 duee
472 461 586 527 classes
607 481 748 546 vesperes
771 480 829 525 eo·
860 460 906 526 illl
929 480 1049 547 semper
1070 467 1115 528 nti
1131 463 1370 529 cimeteristieo
1392 463 1524 527 dusino-

159 570 276 637 lemnes
301 570 423 635 indubie
446 580 490 634 est
505 569 675 634 tenendum.
710 566 830 633 Solem-
859 575 979 653 tivoque
1002 572 1098 653 signo,
1122 591 1179 655 quo
1201 590 1359 636 secernere
1384 592 1402 635 e
1424 575 1524 634 miuus

162 680 248 744 nitor
261 681 374 756 ostent,
389 698 447 760 que
462 696 521 739 nne
535 681 620 759 prius
635 694 828 759 vesperorum
859 675 1044 741 solemnibus
1073 679 1272 743 solemniores
1302 679 1405 755 delore
1434 677 1525 740 elbi-

160 803 254 866 genus
277 781 403 848 alterum
426 781 565 858 excellit,
587 784 618 845 in
642 783 828 847 assistentia
861 785 931 847 bent
962 792 1061 846 mmen
1097 803 1201 848 omnes
1235 783 1305 849 illes
1339 780 1526 849 solemniteti

161 890 289 955 eliorum
328 891 453 955 duorum
490 890 538 953 vel
579 892 667 953 etiem
705 882 829 974 quotuor
860 890 1000 972 proprius
1022 899 1124 971 notes,
1156 891 1261 974 quibus
1288 891 1413 956 eundem
1436 891 1526 954 llnenn

160 996 323 1060 celebranti
370 998 578 1060 assistentium
623 1001 828 1060 ministrorum
859 1005 1091 1079 consequuntur.
1167 995 1351 1062 Olerlcorum
1404 998 1527 1080 pluvie·

159 1105 317 1182 consistit,
349 1105 398 1187 qui
427 1100 607 1187 pluvialibus
636 1111 705 1166 sunt
732 1103 828 1166 incluti
862 1101 1001 1167 lieterum
1023 1101 1091 1168 loco
1115 1103 1320 1167 adsciscuntur
1349 1123 1393 1167 sc.v
1415 1103 1452 1165 sei
1475 1102 1527 1167 ls-

159 1220 248 1295 etque
272 1210 385 1275 ideirco
409 1216 498 1273 etiem
521 1211 643 1292 proprio
667 1206 829 1274 Pluce‘ole'-
860 1219 908 1273 tos
938 1211 1117 1274 celebrentls
1139 1209 1304 1276 Diaconos
1331 1219 1362 1274 et
1384 1207 1527 1275 boteto-
1570 1242 1578 1253 =

159 1322 281 1381 storum
298 1319 428 1385 ,nomine
456 1316 586 1379 veniunt.
646 1313 730 1395 Quae
760 1317 829 1381 ‹lis-
852 1336 953 1382 eones
982 1315 1151 1382 Dalmatica
1172 1316 1385 1400 Tunieelleque
1414 1316 1527 1387 indum

160 1432 263 1508 putate
285 1423 392 1487 ‹lelnde
415 1428 446 1485 ln
466 1425 704 1488 caeremonialia·
724 1443 828 1487 monus
859 1443 949 1506 quos.
984 1422 1055 1487 licet
1087 1429 1215 1507 praeter
1246 1425 1366 1488 decreto
1396 1442 1527 1506 nemque

161 1541 191 1594 et
214 1529 346 1594 cilicium
370 1540 450 1608 sunt,
474 1550 508 1594 ee
533 1532 621 1594 etiem
643 1532 704 1593 illis
728 1531 829 1595 bebits
860 1533 1009 1595 Romanos
1040 1530 1159 1595 adstent
1182 1529 1233 1615 ¹),
1262 1530 1389 1617 rejicere
1411 1528 1527 1594 nibilo-

161 1642 355 1719 proportione
370 1634 563 1718 respondent‚
587 1657 660 1719 quse
676 1647 828 1720 proestare
860 1643 957 1700 minus
970 1657 1032 1700 non
1047 1639 1138 1701 licere
1154 1639 1264 1721 ubsque
1283 1632 1528 1719 praeceptos)

161 1750 191 1807 in
214 1747 352 1825 vesperis
380 1742 475 1806 debet
521 1746 606 1808 Sicut
627 1744 742 1808 sentiret
764 1747 829 1811 ler-
858 1749 982 1826 preevlo
1005 1745 1044 1808 ed
1064 1764 1092 1812 s.
1106 1743 1375 1828 congregationem
1390 1761 1528 1808 -eeeures

161 1852 230 1931 gior
253 1858 298 1912 est
321 1852 352 1913 iu
376 1850 518 1914 Romanis
541 1852 711 1915 rubricistis
734 1852 830 1915 insti·
860 1851 962 1914 leobito
996 1851 1112 1915 ebunde
1142 1851 1270 1934 probent
1301 1861 1362 1914 tom
1392 1870 1466 1934 quse
1493 1849 1527 1914 in

160 1962 311 2021 tutionum
340 1965 623 2042 proeceptorumque
657 1963 745 2039 copie
772 1980 829 2042 pro
861 1959 955 2021 simili
982 1963 1186 2023 controversie
1214 1959 1353 2041 superius
1377 1955 1530 2039 disputato

160 2068 414 2129 coeremoniarum
451 2065 612 2146 magistro,
650 2085 735 2150 quom
773 2086 829 2147 pro
861 2065 917 2127 luc
941 2066 1100 2129 transferri
1128 2086 1188 2129 non
1216 2067 1363 2129 immerito
1391 2073 1527 2147 possunt,

163 2170 385 2257 quibuscunque
407 2171 476 2234 aliis
490 2172 655 2235 ministris:
678 2177 718 2235 lte
741 2174 828 2236 etiem
860 2182 923 2236 tum
947 2172 1035 2236 etism
1059 2191 1133 2256 quse
1161 2172 1269 2237 ritibus
1292 2171 1412 2236 tuendis
1434 2190 1528 2253 prse-

160 2284 191 2341 in
215 2280 285 2361 ipse
306 2278 505 2360 Vesperernm
529 2276 656 2351 solemni
678 2279 830 2342 iunctione
860 2281 948 2362 positi
965 2281 1069 2344 Petree
1084 2279 1276 2343 rescribendo
1300 2297 1371 2343 esse
1386 2296 1528 2341 censuere

160 2384 321 2449 attributes
354 2383 399 2446 1111
426 2392 497 2447 sunt
527 2393 627 2466 portes
656 2387 829 2468 ampliores,
863 2385 1005 2451 cuens
1032 2388 1087 2451 sub
1119 2392 1171 2453 31.
1194 2386 1323 2471 Augusti
1350 2405 1397 2450 en.
1431 2385 1528 2463 1798,

160 2513 234 2579 ques
270 2496 301 2553 ln
340 2491 433 2554 nltero
470 2491 546 2556 libro
584 2493 762 2556 brevissime
799 2499 830 2556 in
862 2499 1076 2557 constituentes
1118 2491 1300 2574 Episcopum
1337 2492 1427 2578 bujos
1464 2492 1528 2554 litis

165 2618 310 2664 summum
351 2595 491 2662 collecles
520 2598 641 2664 exhibet
668 2598 831 2664 Coeremc-
862 2598 1023 2667 arbitrum.
1048 2596 1079 2682 ⁸)

161 2705 251 2771 oicle
264 2705 485 2787 Epieecpcertm
507 2724 572 2787 cop.
596 2710 626 2772 3.
644 2703 679 2789 ¹)
702 2727 830 2791 quaeque

165 2816 315 2879 Romanos
347 2815 547 2895 Vespererum
571 2811 782 2878 Oeeremonies
813 2834 830 2876 e

164 2922 280 2986 noetus
296 2922 467 3004 plenumque
481 2921 594 3003 ubsque
608 2921 830 2985 coeremonierii

161 3030 333 3093 assistentis
363 3029 453 3092 lectis
484 3025 661 3091 incredibile
690 3037 828 3110 quantum

162 3135 345 3220 disjungunt.

227 3243 281 3309 39.
318 3241 405 3306 Licet
434 3244 485 3304 lex
525 3259 591 3302 esee
625 3237 762 3303 videatur
798 3248 829 3301 ut
928 3243 981 3304 39.
1006 3238 1133 3319 Propter
1156 3236 1302 3301 delectum
1327 3234 1428 3300 clerici
1444 3233 1527 3300 Coe-

161 3370 253 3433 super
283 3347 401 3413 leteroll
434 3347 529 3430 gredo
558 3344 673 3412 Alteris
705 3345 830 3409 (lende-
861 3345 1032 3410 remcnlerii
1046 3341 1135 3428 plure
1147 3346 1243 3425 ipsius
1259 3343 1356 3408 olicis
1370 3346 1401 3405 ln
1410 3346 1526 3406 nostris

161 3458 245 3520 inbre
276 3455 428 3539 deponent
457 3451 595 3532 Acolytbi
629 3472 696 3516 cum
729 3457 829 3516 cersi
861 3450 996 3514 ecclesiis
1020 3448 1138 3532 expleat
1161 3470 1287 3515 necesse
1309 3460 1354 3514 est
1378 3451 1427 3513 vel
1450 3470 1527 3514 unus

161 3564 319 3635 estinete'e,
344 3569 494 3643 receptum
518 3568 615 3622 temen
635 3558 829 3623 nihilominus
862 3577 900 3620 ex
930 3557 1153 3633 assistentibus,
1183 3560 1210 3621 si
1241 3557 1437 3622 solemniores
1466 3562 1528 3621 sint

161 3679 210 3731 eet
232 3668 262 3731 in
285 3668 420 3749 pluribus
435 3668 526 3731 Urbis
550 3664 698 3743 ccelesiis,
722 3676 753 3729 ot
775 3686 830 3729 ee·
861 3665 1027 3746 vesperae,
1058 3663 1103 3727 vel
1133 3668 1223 3728 etiem
1246 3665 1470 3735 tburliererlus,
1500 3665 1528 3727 si

162 3780 207 3838 rel
229 3780 349 3838 nonnisi
373 3787 506 3856 tempore
519 3774 683 3837 Adventus
699 3772 829 3848 etQuo-
860 3775 958 3835 minus
987 3770 1161 3834 solemniter
1190 3792 1242 3835 εεε
1265 3781 1438 3845 εειιιεειιιιτς
1470 3776 1527 3849 sic,

162 3883 356 3966 deceperimus
396 3882 432 3944 ed
475 3882 591 3944 initium
630 3881 827 3963 Vesperrrum
861 3889 891 3941 ut
915 3882 1001 3940 unlus
1025 3888 1137 3942 tontum
1153 3882 1326 3942 memorium
1340 3878 1526 3947 refricemus.

161 3988 383 4070 extinguentur.
859 3994 979 4068 peracte
997 3984 1133 4048 ultorium
1151 3986 1354 4048 incensatione
1369 3984 1407 4047 ed
1424 4003 1528 4049 seem-

859 4113 929 4156 num
945 4112 1085 4157 reversus
1101 4092 1138 4156 ob
1152 4089 1298 4156 slterntro
1315 4101 1398 4155 esset
1409 4092 1528 4176 quidem

200 4380 223 4448 ¹)
242 4383 334 4433 'l'otum
353 4384 553 4444 “imbellium
573 4384 709 4435 1111111111·
896 4392 919 4458 ¹)
939 4395 1043 4445 Confer.
1068 4394 1179 4444 liecretu
1209 4393 1254 4444 22.
1283 4394 1368 4445 llertll
1403 4394 1466 4447 1131
1502 4404 1529 4447 ει

940 4483 957 4535 2
986 4482 1049 4532 lulil
1077 4481 1152 4533 leel.

895 4588 922 4655 ¹)
941 4591 1095 4654 Arpetopct.
1128 4590 1167 4642 11.
1191 4592 1261 4652 Sept
1296 4591 1380 4648 1817,
1415 4568 1449 4641 be
1478 4606 1529 4657 qno

937 4682 1064 4741 superius
1082 4690 1140 4741 esp.
1159 4678 1176 4728 3
1195 4681 1255 4729 etb
1276 4681 1375 4741 prioris
1393 4681 1484 4742 pertis

893 4781 920 4848 ί1
940 4785 1098 4835 Perellelum
1117 4785 1296 4835 huicdecreto
1311 4787 1375 4836 illud
1388 4793 1438 4851 est,
1458 4791 1529 4851 queo

938 4875 1017 4923 tertio
1037 4886 1094 4938 cop.
1115 4878 1217 4938 prlorls
1235 4878 1320 4937 pertis
1337 4876 1450 4926 exemmi
1462 4879 1530 4929 eub-

934 4961 1050 5021 lecture
1068 4976 1106 5019 eo.
1122 4970 1254 5019 rocem
1275 4966 1301 5018 7.
1313 4964 1436 5019 neme.
1448 4963 1529 5022 18⁸⁴.
