3400 5224
171 423 572 537 Quaestionum
599 425 951 614 'elell‘leolon
974 430 1088 535 Jees
1114 426 1473 539 liturgicum.

696 572 788 608 „0010
827 572 850 612 r.
922 568 963 614 a.

694 678 853 769 Caput
875 676 948 752 11.

641 785 692 851 De
729 789 833 853 lilt'esa
865 787 999 854 solemni.

140 890 387 958 Argumentum.
423 894 542 944 Stsiliito
561 896 716 946 discrimine
731 898 805 946 inter
822 897 997 946 solemniores
1010 909 1031 945 c.
1050 894 1183 944 solemnes
1196 897 1292 944 missus
1305 900 1421 945 mntstss
1439 894 1501 958 (2⁰)

211 967 351 1028 utriusque
368 967 477 1027 generis
496 966 650 1016 dlamiticse
667 971 744 1016 notue
761 971 908 1018 innuuntur
927 966 1060 1026 [tu-21)
1078 965 1198 1016 sesimul
1216 968 1357 1017 disseritur
1375 969 1409 1017 de
1421 972 1500 1027 pote-

212 1041 280 1087 aute
302 1041 328 1085 et
345 1038 495 1087 extensione
522 1039 706 1099 decretorum,
730 1042 827 1101 quibus
845 1039 1002 1089 thurificatio
1020 1040 1128 1088 videtur
1145 1050 1206 1087 esse
1224 1037 1357 1099 prohibite
1375 1041 1402 1088 in
1420 1040 1500 1089 missu

213 1108 323 1158 Cantets
340 1109 439 1171 ubsque
456 1110 586 1158 ministris
605 1108 659 1170 (21.
673 1108 720 1173 8.).
760 1109 856 1175 Modus,
875 1124 926 1174 qino
945 1112 1108 1173 praescripto
1127 1109 1215 1171 siege
1232 1110 1322 1161 caecus
1341 1110 1426 1160 duodo
1440 1115 1502 1160 sont

211 1191 228 1228 n
251 1180 391 1243 ministris,
410 1191 512 1229 necnon
529 1182 687 1238 discrimen,
713 1182 782 1244 qued
801 1185 880 1231 situm
898 1187 939 1231 est
957 1184 1027 1231 inter
1045 1182 1197 1231 orientalem
1216 1185 1295 1243 etque
1312 1182 1501 1231 occidentalem

212 1250 378 1301 manicanti
397 1253 478 1303 ritum
495 1252 591 1302 leviter
608 1253 694 1302 solum
704 1255 841 1317 attingitur
849 1253 910 1315 (22)
916 1267 925 1317 3
944 1266 975 1301 ec
995 1254 1089 1302 iuniori
1107 1259 1194 1302 eutem
1213 1252 1315 1302 celerum
1328 1256 1501 1317 exponuntur,

212 1334 281 1384 quae
298 1320 353 1371 tum
372 1320 531 1372 dellcmnno
550 1328 775 1374 coeremoniarum
789 1326 914 1383 magistro
934 1322 1059 1387 (tt—25.
1073 1324 1128 1387 Α,),
1148 1328 1204 1373 tum
1216 1324 1249 1372 de
1263 1321 1395 1385 Cisalpine
1408 1336 1500 1374 secer·

177 1440 182 1449 ,
211 1393 273 1443 dots
291 1395 430 1443 assistente
453 1392 582 1454 (til-2⁰.
601 1392 644 1457 Β.)
667 1398 807 1447 observatu
832 1396 962 1447 habentur
989 1398 1076 1459 digus.
1119 1394 1293 1445 caeterorum
1319 1396 1501 1445 ministrarum

211 1462 384 1528 [celebrantis
403 1463 489 1529 (im),
508 1465 616 1517 lilecsnl
635 1465 717 1532 (22),
735 1468 893 1519 Sobdlsconl
911 1465 999 1531 (28.)]
1019 1466 1106 1517 cilicie
1126 1469 1225 1517 cursim
1244 1467 1431 1517 describuntur
1449 1468 1500 1515 nd-

210 1534 357 1599 jlclturqee
382 1535 486 1585 leodem
511 1537 578 1602 legis
603 1542 687 1588 textus
713 1540 747 1588 de
772 1552 824 1590 non
840 1539 995 1590 adhibendis
1019 1539 1046 1587 in
1070 1539 1184 1589 ecclesie
1201 1538 1305 1588 mdlins
1322 1538 1500 1590 cnmsrslibus

213 1607 372 1658 ciliciorum
390 1612 518 1671 ternpore.

455 1698 494 1760 i.
806 1682 817 1699 '
1148 1700 1184 1762 o.

208 1807 262 1869 20.
284 1801 330 1865 De
349 1801 451 1865 Mosen
466 1800 593 1867 solesmti
613 1810 725 1869 acturis
749 1825 807 1868 ex·
900 1811 953 1872 20.
977 1804 1088 1869 Eodem
1119 1806 1307 1886 praelucente
1335 1803 1400 1869 lace
1427 1824 1501 1887 per-

140 1908 279 1989 ponends
308 1909 396 1973 nobis
426 1918 495 1974 ente
526 1914 623 1973 omniu
653 1911 807 1977 distinctio
834 1931 954 1975 sussum
986 1920 1015 1974 et
1049 1913 1235 1976 nostrntlbm
1272 1930 1390 1992 semper
1427 1920 1500 1990 erat,

140 2023 204 2095 est,
234 2035 308 2100 quus
336 2024 366 2080 ei
395 2017 529 2081 dicendis
552 2036 690 2100 msgoam
711 2020 806 2082 lucem
833 2018 981 2100 distingui
1002 2017 1106 2083 sedulo
1128 2027 1267 2100 oportere
1290 2018 1498 2081 solemniorem

138 2121 269 2186 effundet
290 2132 320 2186 et
346 2143 406 2189 non
435 2122 581 2188 mediocri
602 2125 693 2211 nobis
716 2125 807 2211 udju-
834 2127 1132 2208 principaliorcmquc
1146 2126 1270 2188 missum
1293 2129 1423 2189 ominus
1446 2144 1500 2188 so-

139 2238 242 2294 mento
265 2234 322 2293 erit
343 2230 381 2321 od
394 2232 609 2314 assequendum
625 2251 727 2296 verum
749 2253 806 2314 ge-
833 2231 925 2296 lemni
953 2230 1025 2295 licet
1053 2240 1179 2295 centots.
1241 2226 1386 2310 Quamvis
1421 2226 1500 2294 inim

142 2336 319 2420 suinumque
342 2336 551 2402 nonnullorum
579 2358 605 2401 s.
630 2338 666 2402 R.
690 2339 725 2404 0.
749 2341 806 2403 de-
828 2337 967 2418 fidelt'um
980 2342 1096 2403 meotes
1113 2358 1232 2421 semper
1244 2342 1307 2400 sint
1322 2358 1377 2419 per
1394 2356 1499 2402 coere-

140 2451 290 2509 cretorum
313 2463 448 2522 sensum,
483 2464 555 2528 quse
578 2464 732 2528 perperam
754 2448 806 2510 ni·
833 2452 950 2512 monins
977 2442 1183 2511 sustollendae
1211 2445 1254 2511 ad
1276 2443 1499 2511 altissimarum

138 2550 198 2614 mis
227 2551 311 2615 luere
337 2571 357 2619 e
384 2552 601 2616 recentioribus
630 2552 806 2636 quibusdum
832 2573 934 2618 rerum
948 2553 1174 2617 meditationem
1192 2552 1422 2636 devotionisque
1444 2556 1500 2617 ia-

138 2657 311 2733 rubrlclstis
333 2655 495 2722 intellecta
540 2659 684 2723 Focieodn
707 2669 805 2724 antem
829 2659 1038 2740 flummaadae
1058 2660 1130 2744 ipae
1151 2657 1204 2743 1);
1227 2658 1418 2723 nihilominus
1441 2680 1499 2725 so-

141 2762 294 2829 distinctio
317 2764 390 2828 lucc
405 2773 460 2845 eet,
484 2773 516 2828 ut
536 2762 650 2845 duplee
671 2771 806 2850 opprime
831 2767 1027 2832 lemnioribus
1050 2767 1140 2831 testis
1163 2766 1268 2830 diebus
1295 2766 1499 2831 vehementius

140 2879 315 2935 secernatur
330 2868 508 2935 solemnium
523 2871 684 2938 missurum
695 2892 806 2958 amus,
832 2885 901 2938 sunt
912 2895 967 2957 per
974 2892 1024 2936 ess
1036 2879 1121 2957 qussi
1132 2894 1187 2956 per
1195 2881 1320 2937 externa
1330 2877 1420 2955 signe
1428 2881 1500 2937 sunt

140 2996 266 3060 quornm
287 2982 370 3060 prius
384 2980 494 3043 missae
509 2975 655 3044 salomes
673 2980 806 3061 majores
832 2982 870 3045 ud
893 2999 1045 3044 sectorum
1067 3001 1166 3045 rerum
1194 2985 1414 3043 venerationem
1438 2998 1499 3043 ex-

141 3100 196 3148 seu
224 3082 428 3168 principales,
457 3088 582 3151 alterum
612 3107 683 3151 vero
705 3089 806 3151 adnm
834 3088 946 3152 citandi
957 3090 1111 3151 christiani
1134 3097 1164 3151 et
1178 3086 1268 3151 ultius
1276 3094 1323 3150 est
1344 3087 1382 3150 ed
1403 3104 1499 3169 sope-

140 3186 286 3255 tolenntec
300 3195 494 3257 constituunt.
518 3192 713 3259 Cherusieres
734 3215 805 3259 vero
832 3197 913 3259 riora
935 3192 1096 3259 elevandus
1118 3213 1220 3258 eorum
1243 3193 1374 3272 animm,
1399 3196 1499 3273 magis

141 3295 291 3362 discriticl
312 3299 557 3384 distinctioneque
579 3312 678 3383 nome,
700 3302 806 3387 quilius
832 3302 993 3366 nutriendo
1034 3306 1149 3384 pietus,
1195 3299 1370 3381 eduugendn
1414 3297 1498 3371 ides,

140 3403 269 3470 eminus
287 3404 471 3472 solemnibus
483 3408 707 3490 distinguuntur
716 3414 806 3492 prio·
832 3409 1002 3473 roboranda
1030 3408 1151 3471 devotio
1178 3405 1420 3491 splendidiusque
1441 3426 1499 3489 pro

142 3509 266 3593 clpsles‚
290 3532 325 3576 eo
346 3514 479 3588 redeunt,
503 3524 535 3579 ut
553 3515 666 3597 prioris
689 3514 806 3580 ordinis
833 3517 948 3579 ratione
982 3513 1180 3579 solemnitatis
1227 3506 1418 3579 exornandus
1455 3523 1501 3577 est

138 3619 254 3683 misses
274 3639 341 3685 cras
360 3618 538 3686 celebritate
559 3626 581 3685 l.
605 3643 631 3685 e.
655 3643 723 3686 eum
743 3624 807 3685 au'-
833 3623 891 3685 Dei
920 3623 1027 3685 colim.
1076 3617 1167 3703 Quod
1198 3629 1232 3684 ut
1259 3630 1412 3705 praestare
1442 3640 1500 3702 pra

136 3725 256 3790 sistris
277 3730 381 3792 sacris
402 3732 435 3792 et
455 3725 572 3792 altaria
592 3729 808 3799 incensatione
832 3730 948 3792 viribus
975 3727 1107 3813 ilojcros
1137 3732 1235 3793 nostri
1265 3738 1408 3811 possent,
1439 3745 1499 3793 non

138 3841 316 3913 cantentur,
347 3839 378 3898 in
415 3836 540 3921 caeteris
577 3844 675 3900 tutem
712 3855 806 3919 neque
832 3834 944 3898 minori
966 3836 1065 3899 studio
1088 3855 1174 3918 quam
1187 3835 1314 3898 Romani
1331 3835 1500 3899 solemnio-

137 3943 221 4006 ncri
241 3939 373 4007 ministri
395 3949 559 4022 assistent,
589 3963 684 4026 neque
712 3941 806 4009 altare
832 3961 898 4005 rom
920 3947 1079 4006 missurum
1101 3942 1328 4006 distinctionem
1353 3961 1372 4004 a
1399 3944 1499 4003 minue

138 4045 336 4113 nmmum.
832 4047 1018 4113 solemnibus
1044 4048 1249 4112 adstruebsnt.
1294 4048 1351 4111 Sed
1375 4058 1441 4109 cum
1467 4050 1501 4108 in

832 4153 984 4239 plerisque
1005 4160 1122 4220 nostris
1143 4152 1298 4235 ecclesiis,
1319 4156 1499 4237 pracsertim

832 4268 863 4326 lo
884 4263 1050 4342 ruralibus,
1072 4282 1141 4327 rsro
1163 4261 1324 4326 mmodom
1338 4234 1498 4324 ‘sumerem

833 4369 988 4435 haberetur
1015 4386 1169 4434 sacrorum
1201 4371 1408 4433 ministrorum
1438 4385 1499 4429 nu-

833 4495 932 4540 meros
954 4476 994 4540 ed
1023 4478 1198 4541 contundam
1220 4482 1346 4540 missam
1369 4471 1499 4537 solemni

833 4601 901 4645 cam
922 4579 1117 4659 celebritate,
1139 4582 1339 4665 meliorique
1361 4589 1500 4663 poterent

833 4688 922 4752 modo
951 4688 1028 4753 hunc
1056 4690 1179 4755 misem
1209 4693 1350 4753 ominus
1372 4687 1499 4752 solemni

883 4864 908 4932 ¹)
923 4866 963 4919 iix
980 4869 1068 4922 const.
1090 4879 1115 4922 s.
1138 4865 1170 4918 il.
1187 4865 1217 4919 P.
1235 4865 1300 4918 sisu
1317 4865 1345 4919 V.
1368 4867 1498 4920 lmnsnts

922 4955 966 5012 xi.
984 4954 1092 5010 calend.
1110 4954 1186 5009 Belli.
1207 4954 1285 5011 1⁶87·
