3330 5222
197 105 301 185 XXVI

197 246 363 320 peratorem
394 248 423 301 et
452 238 562 320 Regem
592 237 799 319 apostolicum
829 238 865 300 de
891 237 986 301 Nobis
1017 246 1047 299 et
1077 236 1130 299 bac
1160 237 1269 299 Sancta
1296 236 1372 298 Sede
1402 244 1447 298 tot
1477 254 1547 298 sane

197 327 365 391 nominibus
389 324 539 409 praeclare
562 328 697 389 meritona
721 348 775 409 pro
797 327 876 389 avita
899 345 953 390 sua
975 322 1122 407 religione
1146 334 1175 389 et
1197 327 1304 406 pietate
1327 334 1413 407 atque
1437 323 1547 391 exmia

197 418 240 478 rei
263 415 421 481 catholicae
444 414 542 477 studio
564 412 611 476 vol
634 418 671 479 ab
695 418 763 498 ipso
786 415 834 478 sui
855 414 977 496 Imperi!
998 413 1122 477 exordio
1141 413 1322 500 justissimis
1345 412 1467 477 Nostris
1492 413 1548 475 de-

198 506 317 567 sideriis
349 522 434 586 quam
466 502 664 569 libentissimo
691 507 884 588 obsequutum
914 501 988 569 nibil
1011 502 1159 587 antiquius
1181 503 1336 572 imbuisse,
1369 523 1455 584 quam
1478 521 1549 564 suas
1658 498 1660 523 ²

198 613 285 656 curas
309 593 559 675 cogitationesque
589 593 626 655 ad
660 591 821 657 catholicae
844 590 993 656 Ecclesiae
1022 589 1186 655 libertatem
1213 592 1244 653 in
1266 590 1460 673 amplissimis
1484 590 1549 653 suis

198 684 358 746 ditionibus
371 683 566 744 asserendam
582 682 726 753 conierre,
748 682 878 765 Eumque
900 691 961 743 tam
982 679 1106 744 salutari
1128 683 1212 763 operi
1228 700 1347 742 manum
1368 679 1547 751 admovisse,
1658 678 1660 703 ¹

197 771 245 834 ubi
276 772 426 834 decretam
454 770 501 833 die
534 777 584 837 18.
613 771 728 853 Aprilis
759 775 846 834 Anno
880 777 965 840 1850
992 770 1084 833 edidit
1114 788 1181 833 cum
1212 789 1327 832 summa
1348 764 1396 830 siri
1418 770 1550 832 nominis

197 860 293 941 gloria
324 869 353 924 et
384 860 513 922 maximo
544 861 689 923 bonorum
713 861 843 923 omnium
867 856 1121 942 congratulatione
1144 879 1178 921 ac
1201 857 1323 922 laetitia.
1367 857 1449 924 Hinc
1470 858 1550 921 idem
1658 876 1660 885 ’

196 948 447 1031 religiosissimus
462 947 627 1031 imperator
649 960 678 1011 et
700 948 765 1012 Rex
781 951 903 1013 Nostris
926 946 1176 1030 postulationibus
1200 950 1295 1030 magis
1318 948 1349 1011 in
1372 945 1437 1009 dies
1460 944 1550 1010 illiali
1658 938 1660 971 l

197 1058 323 1120 prorsus
339 1038 447 1119 pietate
462 1037 677 1111 obsecundans,
694 1057 728 1100 ac
739 1038 832 1119 probe
846 1054 1036 1120 cognoscens,
1053 1046 1233 1119 quantopere
1248 1034 1392 1099 catholica
1402 1031 1549 1109 Ecclesia,
1659 1030 1660 1065 l

196 1127 319 1213 ejusque
341 1123 481 1191 salutaris
505 1126 639 1189 doctrina
662 1128 700 1189 ad
722 1146 822 1190 veram
848 1125 1025 1208 populorum
1050 1123 1224 1190 felicitatem
1247 1123 1550 1207 tranquillitatemque
1659 1124 1660 1155 i

196 1215 412 1296 procurandam
434 1213 587 1303 conducet,
610 1237 627 1277 a
646 1216 742 1281 Nobis
767 1222 855 1279 enixe
878 1217 1061 1299 efflagitavit,
1085 1226 1116 1278 ut
1139 1213 1370 1280 conventionem
1392 1233 1458 1278 cum
1480 1211 1551 1297 Ipso

197 1310 272 1367 inire
294 1306 454 1375 vellemus,
479 1323 535 1391 qua
556 1305 769 1367 ecclesiasticis
793 1310 883 1367 totius
906 1303 1029 1386 imperii
1050 1308 1099 1367 sui
1122 1312 1150 1367 et
1172 1308 1321 1376 omnium,
1350 1304 1453 1388 quibus
1477 1300 1552 1365 illud
1658 1312 1660 1335 ²

197 1397 404 1465 constituitur,
440 1394 586 1457 ditionum
613 1398 743 1475 negotiis
773 1392 959 1457 anctoritate
989 1378 1101 1458 Noslra
1130 1392 1303 1475 Apostolica
1333 1410 1486 1455 occurrere
1522 1392 1553 1455 et
1659 1392 1661 1429 ³

198 1478 350 1546 consulere
385 1500 556 1565 possemus.
616 1479 716 1565 ltaque
754 1502 813 1546 non
850 1482 993 1546 mediocri
1030 1490 1109 1561 certe
1147 1485 1241 1545 animi
1262 1480 1369 1545 Nostri
1400 1481 1553 1562 voluptate

196 1576 396 1654 pientissimis
425 1576 521 1652 ipsius
544 1570 693 1653 Principis
722 1571 880 1635 desideriis
912 1572 1093 1653 perlibenter
1114 1577 1287 1644 annuentes,
1320 1568 1552 1634 conventionem
1660 1590 1661 1607 ¹

195 1679 262 1722 cum
277 1659 347 1741 ipso
364 1658 521 1723 ineundam
537 1665 786 1732 existimavimus,
810 1680 845 1724 ac
861 1664 937 1722 mira
960 1661 1085 1742 quadam
1102 1659 1303 1723 consolatione
1318 1661 1414 1722 aiiecti
1429 1659 1551 1743 luimus,
1659 1664 1661 1675 ’

198 1746 432 1831 quandoquidem
455 1749 556 1811 eadem
579 1747 799 1820 Consentiooe,
823 1750 888 1812 Deo
911 1750 984 1812 beno
1003 1748 1136 1835 juvante,
1166 1756 1196 1811 et
1218 1747 1379 1811 catholicae
1399 1747 1552 1810 Ecclesiae
1660 1756 1661 1761 ’

197 1839 372 1908 libertatem,
398 1837 520 1922 ejusque
542 1838 710 1901 veneranda
728 1837 798 1923 jura
821 1832 963 1923 mojorem
986 1843 1018 1901 in
1041 1837 1160 1900 modurn
1181 1841 1258 1900 tueri
1281 1846 1310 1900 et
1331 1836 1495 1913 vindicare,
1517 1854 1553 1899 ac
1658 1848 1661 1879 t

156 1928 288 1995 ,muta
319 1945 390 1988 sane
420 1935 450 1987 et
478 1931 658 2006 gravissimo
687 1928 889 1990 ecclesiastica
919 1931 1039 2009 negotia
1062 1931 1093 1988 in
1116 1931 1296 1991 vastissimis
1317 1931 1450 1990 universi
1469 1926 1552 1989 iliius

196 2015 317 2097 imperii
337 2014 501 2076 ditionibus
525 2033 700 2096 componere
723 2022 884 2097 potuimus.
930 2012 1100 2095 Quodciroa
1122 2014 1192 2078 durn
1214 2016 1308 2078 eidem
1331 2013 1497 2078 Carissimo
1519 2016 1553 2077 iri

197 2104 320 2168 Christo
335 2101 418 2166 Filio
433 2104 546 2167 Nostro
560 2103 607 2166 rei
623 2106 751 2166 maxime
764 2124 804 2167 ex
818 2106 918 2167 animo
931 2107 1122 2186 gratulamur,
1139 2122 1173 2167 ac
1190 2107 1311 2167 meritas
1327 2102 1553 2185 amplissimas·
1658 2130 1661 2137 ⁴

177 2207 251 2277 'que
281 2191 441 2255 deluimus
474 2188 591 2265 landes,
619 2190 696 2276 quod
724 2202 808 2256 tanto
837 2194 937 2256 studio
965 2196 1186 2257 sanctissimam
1218 2202 1353 2255 nostram
1376 2190 1553 2275 religionem
1658 2208 1661 2243 i

197 2283 330 2363 profiteri
359 2290 389 2341 et
420 2282 530 2360 coiere,
561 2301 595 2343 ac
624 2285 690 2364 pari
717 2283 797 2354 Nos,
828 2291 857 2344 et
885 2282 961 2345 bauo
991 2281 1072 2346 Petri
1103 2282 1281 2347 cathedram
1312 2283 1500 2345 observantia
1522 2290 1554 2344 et
1659 2314 1661 2327 -

198 2369 386 2445 soporatione
408 2375 551 2454 prosequi
572 2367 725 2452 glorietur,
749 2372 804 2434 bas
826 2372 930 2443 Vobis,
954 2371 1063 2435 ilileoti
1085 2371 1159 2434 latit
1181 2372 1287 2457 Nostri
1309 2390 1344 2433 aa
1359 2369 1549 2434 venerabiles

199 2460 329 2529 Fratres
354 2460 512 2521 scribimus
529 2458 671 2532 Litteras,
695 2461 800 2545 quibus
817 2461 966 2542 egregiam
981 2480 1015 2524 aa
1030 2470 1218 2543 perspectam
1232 2469 1362 2523 vestram
1374 2459 1555 2542 religionem
1659 2484 1661 2517 i

199 2555 227 2613 et
254 2543 436 2629 pastoralem
466 2544 699 2611 sollicitudinem
729 2555 818 2612 etiam
848 2559 933 2632 atque
962 2555 1050 2613 etiam
1073 2555 1254 2621 excitamus,
1284 2558 1317 2611 ut
1338 2568 1455 2612 omnem
1479 2569 1554 2631 pea-

199 2641 342 2717 cipientes
365 2634 524 2699 utilitatem
547 2656 585 2703 ex
608 2637 715 2723 majori
736 2637 790 2703 illa
811 2637 961 2714 libertate,
994 2659 1051 2725 qua
1073 2641 1104 2702 in
1127 2638 1265 2705 omnibus
1288 2643 1357 2701 istis
1379 2638 1554 2704 Austriacae
1661 2698 1662 2705 ,

199 2725 412 2789 dominationis
435 2727 606 2807 regionibus
630 2724 773 2789 catholica
789 2726 925 2790 Ecclesia
946 2747 987 2790 ex
1009 2730 1084 2790 inita
1099 2727 1302 2792 conventione
1323 2728 1383 2790 irai
1405 2746 1439 2791 ac
1461 2732 1555 2809 potiri

110 2858 112 2863 ,
200 2813 286 2897 plane
311 2814 411 2886 debet,
436 2834 558 2877 summe
575 2835 653 2887 coro,
677 2816 825 2879 industria
846 2825 876 2879 et
898 2817 999 2879 sardio
1023 2835 1129 2879 onnes
1153 2821 1313 2881 minbterii
1334 2822 1429 2879 vestri
1450 2825 1554 2897 partes
1658 2854 1662 2891 ι

122 2968 128 2981 ‚
200 2904 236 2967 ad
260 2909 357 2984 ipsius
380 2902 531 2966 Ecclesiae
555 2908 776 2979 incrementum,
800 2905 890 2967 decas
913 2914 943 2967 et
959 2910 1199 2987 prosperitatem,
1222 2914 1305 2991 atqua
1328 2905 1365 2968 ad
1387 2907 1553 2969 animarum

201 2989 328 3056 salutem
352 2991 581 3075 diligentissime
604 2991 726 3074 implere
740 2992 850 3056 velitis.
897 2993 985 3063 Nunc
1006 3001 1086 3058 onim
1107 3004 1239 3058 vestrum
1260 2996 1336 3076 erit,
1356 2993 1468 3061 [illecti
1481 2992 1555 3059 Filii

200 3084 306 3145 Nostri
328 3098 362 3142 ac
384 3078 573 3144 venerabiles
597 3082 734 3153 Fratres,
766 3081 883 3145 collatis
907 3085 1067 3147 intervos
1090 3082 1227 3147 consiliis
1250 3085 1473 3148 studiosissime
1495 3084 1554 3147 ad-

200 3171 336 3251 vigilara,
352 3224 362 3254 ,
376 3179 407 3232 ut
436 3175 467 3235 iu
494 3175 609 3234 renuis
636 3171 828 3239 laesoribus
863 3172 1073 3237 amomum
1104 3172 1265 3237 catholicae
1294 3174 1365 3237 ader
1386 3172 1552 3256 depositum
1660 3200 1662 3209 ⁴

138 3298 141 3311 ι
200 3260 348 3341 integrum
369 3260 600 3343 inviolatumque
621 3263 717 3342 magis
740 3265 772 3322 in
796 3260 860 3325 dies
881 3261 1081 3333 custodiatur,
1105 3271 1135 3327 ei
1156 3260 1295 3325 alacriori
1317 3282 1407 3348 usque
1430 3258 1494 3323 selo
1515 3277 1550 3320 ae

200 3346 356 3430 vigilantia
372 3356 467 3410 rectae
484 3349 657 3411 elericorum
674 3353 856 3412 institutioni
878 3356 1063 3433 prospicere,
1087 3359 1116 3412 et
1131 3348 1213 3414 Cleri
1227 3351 1416 3434 disciplinam
1438 3355 1550 3409 sartam

201 3445 362 3521 tectamque
385 3441 470 3508 tueri,
493 3446 522 3498 ct
545 3437 594 3499 ubi
616 3439 757 3518 prolapsa
780 3449 835 3509 est,
859 3443 1040 3512 instaurare,
1072 3448 1102 3501 et
1123 3439 1320 3521 parochorum
1343 3455 1446 3501 munus
1469 3437 1551 3498 alia-

202 3544 255 3607 que
276 3523 477 3588 ecclesiastica
500 3527 640 3588 beneficia
663 3527 764 3607 dignis
788 3528 956 3601 dumtaxat,
984 3529 1101 3591 idoneis
1124 3536 1154 3591 et
1176 3534 1316 3611 spectatis
1338 3526 1550 3589 ecciesiasticis

201 3619 291 3676 riris‘
306 3615 453 3685 conferre,
485 3624 514 3676 et
542 3616 665 3679 salutari
692 3617 859 3704 juventutis
888 3617 1055 3681 educationi
1083 3620 1236 3681 consulere
1264 3627 1293 3679 et
1320 3635 1438 3699 gregem
1463 3633 1552 3679 curae

201 3712 317 3765 restrae
339 3709 531 3767 commissum
554 3704 741 3769 diviniverbi
763 3710 922 3788 praeconio
944 3725 978 3768 ac
1002 3708 1181 3769 salutaribus
1197 3710 1327 3777 monitis,
1351 3710 1553 3786 opportunis-

202 3812 255 3877 que
271 3794 393 3874 scriptis
408 3812 539 3874 pascere,
562 3811 597 3855 ac
613 3799 733 3867 nutrire,
756 3803 786 3856 et
800 3795 1092 3867 comprovinciales,
1117 3806 1177 3858 tum
1193 3795 1392 3857 Dioecesanas
1413 3794 1551 3874 Synodos

200 3883 315 3953 habere,
339 3892 371 3943 ut
394 3882 500 3967 majori
522 3891 688 3947 vestrorum
713 3883 842 3946 fidelium
865 3885 943 3947 bono
966 3886 1096 3966 quotidie
1119 3888 1213 3966 magis
1236 3882 1391 3964 providero
1412 3887 1551 3964 possitis.

200 3971 269 4033 dam
291 3991 360 4033 vero
382 3968 526 4034 nonnulla
549 3972 651 4044 Vobis,
673 3972 783 4035 Dileoti
806 3972 881 4035 Filii
902 3973 1008 4059 Nostri
1031 3983 1060 4035 et
1083 3971 1274 4037 venerabiles
1291 3971 1425 4045 Fratres,
1449 3976 1551 4054 signi-

201 4060 315 4125 ilcanda
344 4080 411 4122 esse
443 4061 593 4133 ducimus,
624 4080 696 4144 quae
725 4060 840 4143 aliquos
870 4067 968 4142 ipsius
992 4062 1203 4126 conuentionis
1231 4064 1372 4126 articulos
1395 4065 1552 4143 praecipue

200 4153 379 4230 respiciunt,
410 4166 554 4233 quaequae
582 4151 717 4214 oNobis
748 4151 851 4232 pordoi
879 4158 908 4213 et
930 4158 1100 4217 executioni
1129 4151 1264 4219 mandari
1293 4158 1486 4234 exoptamus,
1519 4158 1554 4212 ut

201 4243 374 4319 gratissima
395 4236 447 4301 iila
470 4243 546 4300 inter
569 4238 744 4302 catholicum
768 4241 847 4302 istud
873 4236 1029 4321 imperium
1055 4251 1085 4304 et
1106 4240 1282 4314 Ecclesiam,
1315 4250 1345 4303 et
1367 4238 1441 4302 hanc
1464 4239 1553 4319 Apo-

202 4328 339 4395 stoiicam
361 4328 467 4393 amen
488 4332 584 4409 magis
613 4346 648 4391 ac
676 4334 774 4410 magio
800 4330 935 4393 ioreatur
963 4330 1138 4404 oonaordia,
1164 4350 1203 4395 ex
1226 4351 1282 4413 qua
1304 4335 1335 4393 in
1359 4329 1565 4392 ιιτὴτὶιιιιι»

152 4486 163 4499 ,
200 4426 231 4477 et
253 4418 368 4479 civilem
391 4417 601 4497 rempublicam
632 4423 763 4481 maxima
792 4438 910 4499 semper
941 4420 1017 4483 bona
1038 4420 1215 4484 rodmdant.
1260 4421 1354 4503 Atque
1374 4423 1416 4480 ·in
1444 4420 1553 4499 primis

201 4506 262 4568 Vos
292 4525 460 4576 monemus,
492 4515 523 4567 ut
553 4504 656 4568 eodem
686 4519 825 4587 tempore,
858 4527 915 4589 quo
941 4510 1108 4589 pastorales
1139 4520 1257 4572 vestras
1280 4509 1411 4571 Litteras
1441 4506 1552 4568 atalia

203 4595 277 4657 Acta
307 4599 337 4654 in
360 4595 453 4656 iucem
484 4598 623 4657 emissori
652 4600 753 4675 eritis,
796 4596 916 4663 iliorum
946 4598 1098 4681 exemplar
1119 4595 1282 4661 Caesareae
1311 4605 1341 4658 et
1362 4596 1553 4677 Apostolicae

202 4682 368 4768 Majesiatis
398 4682 563 4757 Guberoio,
592 4688 716 4747 notitiae
745 4670 898 4748 dumta'xat
927 4704 1030 4759 causa,
1061 4690 1178 4749 mittere
1205 4687 1318 4757 velitis,
1347 4694 1434 4771 atque
1464 4688 1554 4746 etiam

141 4806 144 4815 =
201 4770 298 4837 «dom
321 4771 472 4835 Gobannio
494 4772 688 4852 significetis,
713 4774 833 4859 quando
853 4774 990 4856 Synodos
1012 4779 1099 4837 eritis
1120 4774 1263 4849 babituri,
1284 4786 1370 4860 atque
1391 4773 1492 4836 eadem
1516 4772 1554 4835 de

203 4878 295 4943 equae
322 4858 360 4920 od
388 4863 486 4938 ipsam
510 4861 702 4939 Synodoliom
724 4864 885 4939 Actorum,
909 4880 974 4929 uara
996 4882 1031 4927 aa
1051 4861 1167 4946 publici
1184 4863 1266 4952 juris
1289 4866 1378 4940 dant,
1400 4862 1556 4944 exemplar
1619 4910 1623 4921 .

202 4945 411 5031 Niliacam
426 4951 567 5027 ·.curatia‚
593 4956 648 5023 rix
675 4951 746 5021 dtu
768 4952 844 5021 acu
872 4958 946 5040 ipae·
968 4949 1154 5038 amanam
1204 4953 1244 5022 Et
1274 4953 1351 5042 quod
1381 4955 1486 5020 attinet
1515 4947 1556 5015 ad
