3400 5224
1435 142 1522 223 dii

163 341 461 419 saulaumon,
486 343 541 409 nei.
554 345 693 423 milton
709 347 882 426 nmisaqua
903 349 1021 414 monet,
1050 351 1086 404 ul
1104 340 1247 422 qunadaan
1270 341 1377 407 saltem
1401 339 1439 405 nol
1461 340 1529 409 Vm

162 449 211 515 vel
232 449 346 513 interea
368 449 532 530 dirigamus
552 446 785 520 lnsmuctiones,
810 450 904 512 donec
927 454 995 531 ipso
1025 467 1080 511 usu
1109 455 1139 515 et
1168 447 1366 528 motis,
1400 460 1527 511 emam»

163 561 300 639 tuisque
319 556 422 621 neiora
443 556 625 622 authenticis
646 556 960 638 interpretationibus,
981 555 1025 620 do·
1045 552 1233 637 singulorum
1263 554 1412 635 utrinque
1434 551 1523 639 liujus

162 662 276 745 inda
293 682 415 727 normae
435 663 553 746 apinam
576 668 704 746 gmlno
725 684 815 731 sensa
836 672 865 727 et
888 661 1042 731 intellectu
1064 667 1198 733 antima
1215 665 1412 725 constiterint.

291 782 480 869 'Quamquam
514 808 589 851 vero
616 793 679 853 rin⁴
697 806 810 870 panum
838 792 871 851 ia
899 796 1022 871 unuqae
1044 805 1155 851 norme
1169 789 1302 866 rapu-ira
1323 784 1410 848 licen
1431 804 1525 867 para-

163 893 308 975 graplms,
330 895 360 957 in
380 913 502 976 quorum
520 896 626 957 effectu
647 894 833 975 procurando
848 913 906 958 non
921 896 1035 979 aliquae
1050 896 1156 959 sellem
1172 893 1266 957 Vobis
1280 911 1395 975 quoquo
1407 892 1529 955 ianuae

162 1005 356 1082 uiuiparos,
378 1009 478 1063 tamen
491 1003 684 1066 attentionem
702 1012 839 1066 restmm
852 1002 891 1065 ad
908 1012 1062 1087 soquentes
1082 1006 1262 1065 memoratae
1274 996 1525 1079 „1nstructionis‘·

163 1108 214 1190 §§.
239 1106 377 1171 duximus
398 1109 538 1188 inprimis
561 1108 789 1191 provocandam.
1526 1112 1529 1123 ’

296 1232 334 1294 Et
357 1230 474 1314 quidem
502 1234 541 1297 ad
569 1236 599 1316 §.
630 1240 682 1301 38.
707 1233 744 1296 dc
768 1253 824 1319 quo
847 1242 1001 1295 notamus:
1030 1231 1106 1313 quod
1130 1228 1232 1293 eodem
1256 1246 1360 1292 omnes
1382 1247 1401 1291 a
1424 1230 1525 1292 Sacris

164 1332 328 1402 catholicis
342 1340 431 1402 alieni
455 1339 634 1413 Christiani,
658 1340 790 1423 adeoque
814 1342 902 1404 etium
917 1338 1026 1402 Graeci
1047 1358 1107 1401 non
1130 1340 1207 1401 uniti
1229 1336 1306 1402 ritus
1329 1336 1526 1418 comprehen-

163 1444 291 1518 dantan3
323 1448 538 1528 innuiturque,
568 1448 757 1510 matrimonia
792 1466 866 1528 quse
899 1450 994 1510 mixta
1022 1445 1175 1522 dicuntur,
1201 1445 1298 1508 'etiam
1334 1463 1432 1508 coram
1466 1463 1526 1507 non

163 1551 312 1616 catdollco
334 1552 474 1616 Ministro
498 1554 663 1631 celebrata,
685 1552 795 1617 ceddo
817 1572 895 1616 esse.
918 1554 966 1618 Ad
989 1551 1037 1635 §53
1061 1558 1192 1620 sit-cu
1213 1544 1375 1632 inclusioe,
1399 1559 1428 1616 et
1450 1552 1531 1613 inter

162 1658 223 1721 ios
250 1657 288 1721 ad
317 1660 348 1739 S.
378 1664 420 1725 l'l
451 1661 643 1724 reflectimus:
677 1661 827 1724 licentiam
864 1661 961 1725 tacite
995 1655 1136 1724 collatam
1164 1656 1292 1741 intelligi
1322 1678 1403 1729 eom,
1441 1674 1527 1741 qaam

163 1764 318 1829 Porcellus
347 1767 487 1847 proprius
525 1767 628 1830 videns
662 1764 754 1831 alium
784 1768 974 1831 Sacerdotem
1003 1787 1035 1829 se
1064 1769 1218 1849 accingere
1254 1764 1289 1828 ad
1320 1763 1526 1829 assistendum
1588 1786 1595 1799 ·

163 1868 364 1950 matrimonio,
387 1872 522 1957 tacendo,
547 1894 611 1937 cum
633 1873 721 1938 facile
744 1875 905 1939 reclamare
926 1883 1039 1957 posset,
1063 1874 1175 1946 tribuit,
1197 1879 1298 1956 itaquo
1320 1870 1394 1936 haec
1407 1870 1528 1936 lieentia

164 1974 275 2042 dicitur
296 1976 357 2057 „dc
370 1982 560 2060 pneumon
594 1980 829 2064 Proconnqaiom
850 2002 923 2045 vero
945 1981 1026 2045 illam
1050 1978 1189 2062 intelligi,
1213 1999 1286 2064 quae
1309 1988 1385 2051 actu
1416 1999 1469 2041 seu
1491 1976 1530 2040 de

162 2090 317 2165 praesenti
338 2105 399 2149 nou
426 2084 528 2165 detur,
558 2088 614 2151 sed
641 2096 753 2153 tantuna
783 2089 880 2152 danda
908 2088 1121 2171 praesumitur,
1152 2089 1181 2150 si
1207 2085 1356 2168 parochus
1384 2089 1532 2168 proprius

163 2191 300 2269 adesset3
323 2191 395 2255 haec
417 2197 515 2280 utaque
537 2203 660 2258 memor
684 2194 743 2272 „de
761 2198 896 2277 βαθυνῶ(
925 2204 955 2258 et
984 2215 1044 2258 non
1067 2192 1185 2258 sufficit.

297 2316 345 2380 Ad
359 2317 409 2399 §§·
424 2323 565 2386 60-65.
578 2322 651 2382 item
666 2325 807 2387 81—87.
829 2321 971 2399 (collatos
991 2338 1057 2382 cum
1078 2320 1129 2400 §i-
1148 2322 1287 2385 il-ii.
1300 2322 1370 2381 item
1386 2315 1528 2390 38—-40,

165 2420 260 2504 legis
284 2421 397 2499 civilis)
428 2425 506 2489 circe
530 2446 603 2509 quos
625 2437 776 2493 notamus:
805 2428 875 2492 Non
903 2446 966 2489 esse
994 2424 1205 2489 recurrendum
1228 2444 1284 2506 pro
1309 2424 1529 2506 dispensatione

166 2528 199 2591 in
224 2530 350 2602 Bennis,
375 2538 530 2615 antequam
552 2542 655 2615 parics
669 2539 770 2601 omnia
787 2535 979 2609 documenta,
1003 2534 1053 2613 §§.
1068 2538 1187 2599 5-12.
1205 2530 1295 2612 Legis
1315 2530 1412 2593 civilis
1424 2533 1529 2612 requi-

167 2624 242 2714 sita,
270 2636 487 2718 produxerint3
517 2640 585 2717 (cir.
614 2643 642 2723 §.
674 2646 713 2707 21
746 2638 806 2722 leg.
838 2639 951 2720 civilis)
980 2658 1082 2701 causas
1110 2659 1181 2701 uero
1210 2656 1265 2720 pro
1289 2637 1474 2717 impetranda
1497 2635 1529 2697 in

165 2734 277 2804 Bannis
299 2742 521 2825 dispensatione
545 2752 586 2810 ita
609 2767 678 2810 esse
702 2747 908 2830 exponendas,
932 2754 964 2809 ut
987 2742 1076 2808 simul
1095 2754 1189 2808 testes
1203 2744 1380 2821 innuantur,
1403 2747 1528 2825 quirem

166 2846 210 2939 ita
231 2867 266 2911 se
287 2848 410 2941 labere,
436 2860 467 2915 ut
488 2854 670 2935 praefertur,
701 2852 938 2935 depositionibus
966 2857 1030 2917 suis
1054 2852 1173 2916 firmare
1196 2852 1323 2932 possint.

302 2974 399 3039 Sensu
420 2996 511 3058 porro
534 2984 563 3052 i.
588 2982 631 3045 83
653 2978 756 3043 herum
780 2981 857 3043 serie
880 2976 1019 3041 omnibus
1041 2973 1083 3041 V.
1093 2976 1130 3038 Α.
1142 2977 1288 3039 Diaconls
1305 2975 1476 3040 ordinariis
1500 2983 1529 3037 et

168 3079 351 3163 surrogatis,
375 3101 436 3149 nou
456 3101 543 3149 secus
567 3083 699 3149 emmitis
722 3085 866 3154 beneficio
889 3082 1062 3166 praehabito
1078 3082 1324 3159 inmanibus,
1349 3080 1417 3168 (iis
1431 3091 1531 3149 nmen

167 3194 281 3257 tuntum
304 3188 402 3270 quoad
424 3208 495 3255 suos
518 3196 657 3275 proprios
680 3189 901 3276 Perochianos)
923 3188 1094 3255 facultatem
1116 3186 1290 3271 delegamus
1312 3187 1474 3254 deutralem
1497 3192 1530 3250 in

168 3308 241 3363 issu
262 3294 517 3377 dispensationem
541 3294 621 3381 (non
645 3304 758 3361 attento
774 3299 803 3380 §.
821 3295 883 3381 85)
907 3297 1109 3375 concedendi3
1132 3297 1212 3360 facts
1227 3304 1326 3359 tamen
1342 3297 1529 3381 postliminio

168 3416 317 3481 supereo
341 3399 378 3462 ad
402 3400 625 3471 Ordinariatum
647 3401 803 3467 relatione.

301 3523 372 3587 Non
395 3544 481 3589 secus
504 3527 542 3589 ad
566 3535 692 3590 mentem
715 3529 820 3609 §.140
843 3537 873 3589 et
896 3531 960 3592 iii
983 3527 1326 3606 ipsosvnniaccms
1349 3525 1532 3595 Ordinories
1569 3612 1576 3623 ⁵

169 3637 199 3691 et
213 3629 410 3711 Surrogstos‚
433 3632 632 3713 praesentium
653 3635 763 3697 virtuale
784 3636 816 3699 in
833 3631 1013 3698 ordinarios
1026 3630 1259 3697 commissarios
1273 3629 1470 3717 Episcopales
1491 3630 1531 3694 ad

168 3737 409 3819 cognoscendas,
433 3748 463 3805 ct
485 3740 517 3802 in
540 3759 632 3807 sensu
651 3739 741 3825 liujus
754 3739 967 3803 instructionis
981 3737 1151 3800 nactundas
1166 3738 1280 3803 Causas
1296 3738 1531 3803 matrimoniales

64 3878 66 3882 ,
168 3846 393 3923 renunciamusq
418 3850 488 3928 quin
513 3854 611 3911 tamen
630 3845 695 3932 juri
718 3868 838 3926 eorum,
862 3844 931 3910 dum
955 3855 984 3908 et
1007 3844 1125 3930 quando
1149 3845 1225 3909 alios
1246 3866 1303 3928 pro
1318 3851 1363 3909 rei
1379 3849 1530 3927 exigentia

169 3947 208 4012 ad
237 3950 425 4032 peragendas
452 3950 660 4037 inquisitiones
699 3951 874 4017 duxerimus
913 3951 1094 4033 delegandos
1125 3950 1374 4032 commissarios,
1405 3959 1531 4031 excepto

169 4052 331 4122 nlismadi
345 4055 546 4140 delegatione
568 4077 654 4138 maa,
675 4058 785 4142 aliquid
808 4059 985 4139 derogatm
1007 4076 1077 4123 esse
1097 4056 1233 4125 velimus

304 4182 511 4263 Opportunum
546 4202 637 4264 porro
675 4182 869 4258 arbitramur,
908 4185 990 4243 circs
1022 4179 1219 4245 adornandos
1254 4200 1308 4261 pro
1344 4178 1534 4263 inpetranda

169 4282 398 4367 dispensatione
420 4293 452 4351 in
474 4290 588 4354 Bannis
610 4306 766 4360 remorsas,
800 4287 958 4360 adnotare,
991 4286 1074 4370 qnod
1099 4292 1131 4351 in
1161 4286 1334 4373 hujumodi
1358 4287 1534 4350 renisibus

170 4392 348 4474 monenda
369 4400 433 4458 sint
454 4399 624 4478 sequentias
647 4394 686 4480 ιι)
709 4396 803 4458 Aetas
823 4413 1015 4476 sponsorum.
1062 4391 1183 4477 lidan
1220 4405 1251 4456 et
1280 4414 1342 4477 qao
1364 4393 1530 4492 diligentis,

171 4497 339 4563 ordinarias
362 4501 393 4566 in
407 4502 540 4565 Ecclesia
561 4501 664 4565 iuberi
687 4503 793 4565 suidas
817 4497 1239 4564 mteeieueaalnstnauoaes
1258 4500 1531 4582 ireqaemaernet
1615 4514 1620 4527 ·

170 4615 223 4669 aut
246 4615 327 4669 certe
347 4629 402 4690 per
423 4611 567 4689 privamur
589 4614 721 4691 pastoria
744 4609 973 4682 institutionem,
995 4613 1027 4670 in
1050 4609 1219 4691 praecipuis
1240 4608 1346 4670 saltem
1361 4606 1433 4669 idol
1447 4608 1534 4675 etri-
1613 4608 1619 4621 ’

168 4717 286 4776 ennae
300 4711 459 4796 Capitibus
479 4720 537 4781 rite
560 4717 622 4779 siat
643 4717 801 4779 metronii
821 4714 859 4800 a)
874 4716 924 4778 An
945 4717 1112 4797 praeceptis
1134 4710 1300 4785 Ecclesiae,
1322 4712 1536 4795 ειςιιιιιιιιιόο

170 4815 369 4884 Goniassione
393 4830 423 4883 et
444 4818 659 4885 communione
681 4818 817 4902 paschali
839 4824 928 4885 annis
950 4818 1078 4902 singulis
1107 4819 1331 4884 satisfecerint
1358 4820 1433 4886 ilion
1452 4825 1539 4891 enin

171 4922 258 5009 digni
278 4934 347 4991 aaut
368 4927 488 5007 iasone,
513 4929 563 5010 qui
583 4945 689 5011 pmnm
709 4927 949 5008 pontiacense
976 4935 1137 5012 praecepta
1158 4925 1323 4997 Ecclesiae.
1369 4927 1428 5016 (lit
1457 4926 1531 4994 iaec
