3346 5216
18 4168 20 4241 l

98 339 276 425 colligentes
297 339 487 423 impudenter
500 341 658 418 mutirent,
679 339 967 425 ιζιιιιιίιιιιιιίιιιιιιι
981 338 1148 424 Principes,
1171 345 1281 426 utpote·
1294 361 1314 406 a
1327 341 1458 425 negotiis

100 469 216 531 semper
244 467 376 527 vacuos,
405 451 468 512 otio
496 446 634 512 nonnihil
663 445 805 539 lugugre
831 446 1025 531 desidiaeque
1053 468 1123 514 sese
1151 449 1277 529 dedere,
1307 458 1394 533 atque
1416 451 1460 514 ita

97 558 159 620 ieri
181 554 401 639 utplurimum
422 558 635 635 consuevisse,
665 565 697 618 ut
725 536 854 619 taedium
886 558 1030 637 temporis
1052 554 1208 620 inutilibus
1228 557 1358 622 decretis
1381 575 1458 621 cca-

96 663 202 727 deudis
235 665 321 746 quasi
348 661 481 727 ludendo
509 662 658 740 levarent,
686 662 756 744 quin
784 660 870 726 annii
898 683 1036 746 umquam
1065 673 1167 728 essem
1198 681 1234 727 ac
1265 660 1392 728 solliciti
1421 665 1461 728 de

95 771 273 834 minium
304 767 360 835 illa
386 768 552 837 babiloniae
581 770 760 834 contusione
783 788 821 832 ae
850 772 981 837 munima
1013 768 1197 848 mumulo,
1228 790 1342 854 quarn
1338 767 1460 907 populo

93 877 262 942 ebreduno
284 875 524 959 imprudentibus
547 875 665 960 iegibus
688 877 898 958 importarent!

231 986 293 1050 Sub
315 985 396 1047 idem
418 1003 490 1067 ergo
512 993 640 1067 tempus,
663 1002 747 1064 cum,
770 983 813 1047 uti
835 984 986 1047 innuimus
1010 985 1204 1050 caeremonias
1215 1005 1351 1050 essemus
1367 1002 1460 1069 prae-

92 1093 224 1173 iecti,
213 1114 247 1157 m
280 1090 441 1156 consilium
468 1111 571 1156 sumus
600 1094 637 1155 ab
670 1091 765 1156 amico
786 1088 914 1157 adhibiti
934 1092 1167 1179 interrogatique
1190 1094 1228 1158 ιιι
1249 1093 1308 1157 boc
1328 1093 1458 1175 negotio,

92 1214 120 1266 ut
151 1210 294 1269 nostram
322 1200 361 1266 de
389 1199 533 1265 ιιιιιιιιιιίι
562 1199 692 1267 teneus
719 1200 898 1267 seutentiam
929 1200 1148 1267 ιιιιιιιιιιιιιιιι
1179 1219 1248 1265 cana
1268 1202 1339 1283 ipso
1359 1195 1461 1264 velle·-

92 1330 171 1376 ιιι.
220 1303 340 1386 (imbus
366 1306 506 1389 precibus
537 1302 610 1371 licet
636 1304 745 1372 iaciles
774 1308 897 1371 minime
926 1307 1152 1389 praebuerimus
1174 1314 1277 1386 autres,¹
1306 1303 1461 1390 repulsam

93 1429 195 1481 temen
220 1415 327 1478 amicis
350 1415 440 1476 etiam
463 1422 551 1496 utque
573 1412 662 1477 etiaiu
683 1415 860 1496 rogantibus
883 1414 954 1477 dure
975 1433 1037 1479 nou
1059 1416 1224 1497 potuimus.

231 1518 321 1603 Quod
351 1520 492 1586 idoneum
521 1520 614 1605 igitur
645 1520 802 1589 videbatur
830 1518 986 1587 consilium
1015 1522 1234 1605 impertivimus
1267 1530 1298 1587 et
1328 1518 1461 1604 quidde

93 1630 241 1695 Romanis
267 1626 558 1711 congregationibus
581 1628 612 1690 iu
636 1646 745 1710 genere
767 1628 861 1711 deque
883 1630 915 1699 S.
938 1627 1002 1695 itit.
1022 1627 1117 1713 cong.
1141 1631 1271 1697 decretis
1299 1632 1331 1694 iu
1359 1627 1461 1709 specie

92 1757 125 1801 ex
163 1734 316 1801 Romanis
353 1722 591 1829 institutionibus
621 1735 821 1813 sentiremus,
851 1732 997 1801 consultis
1032 1738 1118 1817 prius
1149 1736 1329 1811 clarissimis
1368 1734 1461 1803 Urbis

92 1843 358 1909 Caeremoniarum
380 1842 557 1925 magistris,
587 1840 718 1905 breviter
739 1844 772 1905 iu
794 1845 917 1925 scriptis
940 1845 1143 1927 exposuimus.
1190 1839 1280 1923 Quod
1302 1839 1463 1907 consilium

93 1961 231 2015 nostrum
262 1949 337 2013 adeo
366 1947 496 2031 placuit,
525 1958 559 2027 Ιιιι
588 1969 626 2015 ex
652 1947 738 2015 ltalia
767 1959 872 2035 postea
898 1950 1022 2015 reduces
1053 1953 1141 2017 novis
1162 1950 1303 2035 precibus
1326 1964 1460 2013 essemus

94 2060 173 2140 quasi
197 2056 322 2137 iatigati
344 2058 514 2138 rogatique,
538 2065 570 2123 ut
583 2058 709 2143 proprio
731 2052 837 2121 libello
860 2056 891 2122 S.
907 2054 944 2119 lt
962 2055 997 2120 (i.
1027 2052 1212 2141 aliarumque
1237 2055 1463 2123 Pontificiarum

95 2164 371 2247 congregationum
399 2163 518 2229 decreta
545 2163 624 2243 ipsis
652 2161 882 2249 illustraremus.
938 2161 1014 2229 Cum
1044 2183 1117 2248 ergo
1153 2164 1243 2230 modo
1273 2160 1356 2229 nullu
1387 2162 1462 2240 sint,

95 2291 162 2354 quae
194 2267 334 2353 expletis
364 2271 444 2333 sacri
472 2269 633 2333 ministerii
661 2270 866 2336 functionibus
888 2266 998 2335 melius
1022 2290 1196 2353 egeremus:
1228 2268 1266 2335 ad
1288 2271 1321 2337 id
1343 2265 1463 2335 consilii

95 2377 286 2456 ieronimum,
310 2384 342 2440 ut
364 2379 485 2440 brevem
508 2375 583 2439 bunc
607 2378 885 2445 commentationem
907 2377 946 2441 ad
968 2377 1180 2445 vindicandam
1195 2387 1376 2465 potestatem
1392 2378 1463 2441 De-

97 2497 239 2550 cretorum
270 2484 304 2550 S.
332 2485 370 2548 R.
401 2483 434 2549 C.
465 2484 497 2549 iu
520 2485 621 2566 specie
643 2485 899 2549 conscriberemus
927 2483 1068 2571 illamque
1090 2487 1194 2548 amicis
1218 2487 1304 2569 quasi
1326 2494 1463 2549 strenam

99 2595 238 2677 quandam
264 2591 335 2654 irinc
358 2592 563 2672 mitteremus,
584 2589 768 2659 levidensem
794 2588 882 2655 illam
905 2590 1035 2675 quidem,
1056 2574 1108 2657 sed
1133 2612 1205 2676 quae
1227 2591 1316 2657 fldem
1338 2591 1462 2670 iaceret,

100 2720 152 2765 nou
172 2712 259 2765 totos
281 2699 376 2764 hosce
398 2698 463 2763 dies
490 2708 592 2779 actos,
624 2702 694 2785 quin
724 2696 802 2786 qued
829 2700 977 2764 amicitiae
1003 2694 1088 2787 leges
1110 2718 1128 2762 a
1149 2700 1238 2763 nobis
1261 2682 1461 2783 postularent,

102 2819 329 2886 praestaremus.
376 2807 473 2870 Antea
495 2814 611 2887 tumen,
643 2826 717 2890 quae
747 2807 784 2871 de
805 2796 955 2893 potestate
978 2806 1164 2872 rubricarum
1187 2806 1219 2871 in
1241 2825 1351 2889 genere
1376 2811 1463 2869 eram

110 2915 330 2992 menenensis,
355 2934 371 2976 e
393 2933 427 2976 re
449 2912 548 2979 visum
571 2920 620 2977 est
638 2914 778 2997 praefari.
998 2894 1002 2903 ⁸

225 3020 315 3105 Quas
337 3020 493 3085 babuimus
515 3022 647 3087 retioues
671 3002 790 3087 consilii
812 3023 910 3084 nostri
928 3021 1085 3104 expositas
1101 3021 1232 3085 breviter
1246 3019 1344 3100 vides,
1368 3019 1470 3117 amice)

117 3122 206 3191 lector.
242 3128 308 3193 Eae
331 3148 403 3192 vero
426 3126 517 3194 simul
544 3129 633 3193 etiam
655 3136 829 3215 argumento
852 3137 938 3206 sunt,
967 3129 1100 3192 animum
1123 3128 1162 3191 ad
1185 3127 1318 3193 Βοιιιιιιι
1341 3127 1462 3211 decreta

109 3234 305 3317 opperientibus
330 3234 451 3298 minime
475 3236 562 3301 nobis
584 3237 682 3301 tuisse
704 3236 913 3308 coustitutum,
938 3234 1178 3329 disquisitionem
1200 3254 1365 3333 exeruere,
1387 3255 1462 3319 quae

106 3344 283 3429 typographo
308 3342 555 3417 demunderetur3
580 3342 735 3407 tenuitatis
758 3350 879 3409 nostrae
902 3343 981 3405 euim
1004 3345 1098 3426 probe
1121 3345 1207 3427 gnari
1231 3344 1325 3407 satim
1349 3342 1463 3406 existi-

101 3454 260 3530 mavimus,
291 3450 350 3514 sub
374 3452 478 3515 umbra
501 3444 676 3515 delitescere
698 3452 812 3523 securi,
837 3470 923 3533 quum
944 3450 977 3513 iu
1000 3456 1133 3537 apricum
1156 3451 1276 3534 prodire
1300 3451 1471 3551 temerarii..

97 3559 163 3637 ιιι,
186 3579 265 3644 quae
288 3554 327 3623 ad
350 3558 490 3623 tuendam
513 3558 698 3623 decretorum
721 3557 927 3623 auctoritatem
942 3555 981 3629 iu
1012 3577 1173 3640 paucorum
1196 3542 1353 3622 utilitatem
1377 3563 1464 3620 erant

96 3666 221 3731 anobis
246 3672 404 3748 congesta,
427 3685 460 3728 ea
482 3663 572 3751 plane
595 3666 687 3753 dignu
709 3676 779 3728 suut
801 3662 875 3727 viris
899 3662 1024 3729 eruditis
1047 3665 1131 3747 vise,
1152 3683 1225 3748 quse
1247 3660 1393 3748 publici
1378 3663 1464 3751 puris

91 3771 207 3841 ica-eut.
258 3774 358 3856 Atque
380 3770 450 3836 irino
480 3780 537 3846 est.
568 3790 621 3836 our
649 3770 858 3836 accedentibus
887 3771 979 3836 etiam
1007 3766 1131 3837 illorum
1152 3768 1304 3846 consiliis,
1337 3791 1473 3871 quorum

91 3885 205 3947 nonita
227 3879 285 3947 lex
306 3879 426 3945 nobis
416 3880 629 3963 imperiumque
651 3881 759 3944 merito
781 3887 869 3958 snut,
891 3877 924 3942 ln
946 3896 1012 3950 eam
1035 3879 1215 3943 sententiam
1239 3878 1457 3951 devenerimus.

90 4008 160 4071 quse
184 3988 253 4053 dici
277 3984 366 4075 liujus
390 3984 531 4051 editionis
553 4004 642 4049 causa
664 3994 773 4068 potest.

228 4111 424 4195 'l’iiutingsm
447 4108 510 4178 cei.
531 4108 689 4176 Decembr.
716 4117 814 4180 1856.

916 4360 920 4371 ·
971 4324 1028 4389 m.
1050 4317 1232 4416 itiner,
1255 4330 1368 4405 pestes

112 5032 883 5132 wesenereruaaaeumeuccuesu
