3400 5224
193 231 196 238 ι
231 122 309 202 eat

230 422 318 499 bauti
333 416 616 502 multiplicesautem
626 414 891 502 genuumcspltis-
922 421 1084 502 cujusdam
1108 420 1355 497 consuetudinis,
1374 432 1413 486 ut
1433 423 1575 487 densium

231 547 287 611 que
310 524 501 605 inflexiones,
532 546 605 608 quas
624 528 778 590 iaciendas
798 525 891 610 aliqui
921 508 1009 591 babet
1031 537 1133 592 contra
1154 528 1293 609 Episcopi
1316 528 1497 592 voluntatem
1513 549 1576 592 ser-

230 641 348 717 praetcr
370 629 454 712 leges
476 631 583 701 docent
613 641 751 715 tanquam
774 634 891 697 aborti-
922 654 992 717 vare
1005 635 1048 698 ud
1067 632 1186 698 libitum
1205 646 1399 715 perrexerunt
1415 636 1577 697 Pistorien-

230 759 301 803 vum*
311 735 503 801 heteroclltac
518 737 684 803 devotionis
694 742 806 803 foetum
820 750 891 802 rea-
921 760 981 802 ses.
1004 739 1143 804 Patribus
1157 741 1370 804 inhaerendum
1385 762 1456 823 ergo
1474 760 1577 804 neccs-

230 851 331 929 puunt.
366 845 416 906 Sic
438 843 581 907 damnant
603 866 631 906 v.
656 865 685 926 g.
710 850 817 926 capitis
840 850 891 908 in·
922 851 1004 908 sario
1026 855 1090 909 arat
1111 847 1178 909 aliis
1197 845 1424 935 resolutionibup
1447 853 1478 910 in
1492 853 1579 910 simi-

176 1020 177 1024 ,
232 950 421 1027 clinationes',
451 970 524 1031 quas
553 952 729 1016 rubricistac
756 950 891 1015 nonnulli
921 950 1000 1016 libus
1017 952 1122 1030 editis,
1145 963 1230 1034 atque
1245 954 1489 1034 promulgandum
1504 955 1579 1016 cita-

232 1054 314 1121 craci
334 1055 517 1119 exhibendas
540 1075 558 1118 a
581 1057 746 1121 celebrante
761 1059 890 1125 madunt.
922 1068 983 1121 tum
1013 1059 1178 1133 decretum,
1208 1062 1327 1122 ut‘uno
1349 1061 1580 1123 caeremoniario

231 1170 386 1246 antequam
397 1159 448 1226 vel
463 1162 621 1243 genuflexo
636 1173 705 1228 ante
716 1166 891 1228 seDiacono
923 1175 1025 1228 essent
1047 1167 1188 1228 contenti.

230 1268 464 1333 benedictionem
495 1269 533 1332 ad
562 1270 737 1333 cantandum
761 1289 892 1350 evange·
987 1270 1046 1333 bed
1060 1274 1137 1352 ipsis
1152 1269 1320 1334 nullatenus
1334 1270 1481 1334 insedisse
1499 1291 1585 1334 men-

231 1376 304 1440 lium
327 1374 394 1453 dat,
416 1377 464 1438 vei
486 1373 556 1438 data
577 1376 632 1439 iae
655 1377 891 1440 benedictiones
922 1385 992 1454 tem,
1011 1378 1115 1458 ubique
1131 1373 1264 1440 locorum
1280 1383 1455 1463 praesertim
1470 1379 1586 1459 quando

232 1481 329 1545 medlo
351 1472 455 1545 altaris'
478 1482 515 1544 ad
540 1500 630 1546 cornu
652 1484 793 1565 epistolae
815 1502 893 1563 pro·
923 1502 983 1546 non
999 1481 1156 1547 adhibetur
1170 1486 1420 1547 caeremoniarum
1433 1488 1586 1566 magister,

233 1588 312 1652 cedit
339 1589 405 1667 rei,
428 1588 530 1652 missia
563 1594 701 1664 caeteris,
737 1598 890 1671 antequam
914 1589 998 1652 ‘hane
1044 1589 1284 1653 consuetudinem
1324 1591 1514 1672 proscribere
1554 1612 1587 1654 ea

234 1695 313 1758 dicto
328 1697 417 1757 orate
428 1695 552 1774 fratres
573 1694 740 1779 circuloqae
761 1694 892 1777 perfecto
923 1695 1038 1759 abunde
1059 1695 1203 1778 probant,
1226 1716 1300 1778 quae
1314 1694 1497 1779 indulgenda
1513 1699 1588 1761 alica

232 1804 371 1867 sanetas
396 1801 503 1882 incipit
517 1797 551 1886 ¹)
583 1802 667 1865 Licet
694 1807 772 1865 enim
794 1802 894 1864 actio·
924 1810 1101 1865 concinnant
1114 1799 1160 1883 1).
1207 1798 1367 1866 &ebriae
1392 1803 1590 1869 Mantuanae

233 1928 288 1972 nes
313 1907 389 1970 istae
412 1906 540 1971 seorsim
570 1917 655 1990 atque
677 1913 707 1971 in
739 1929 773 1971 se
804 1925 892 1988 spec-
924 1909 1096 1984 canont'cis,
1118 1926 1157 1971 ec
1172 1910 1303 1992 andqua
1318 1913 1350 1972 et
1364 1909 1593 1975 immemorabili

233 2022 313 2079 tatae
341 2032 478 2097 magnam
506 2012 725 2079 deformitatem
762 2034 831 2096 prae
860 2033 893 2077 se
924 2015 1163 2090 consuetudine,
1185 2018 1318 2079 statutis
1339 2019 1434 2079 ctiam
1454 2015 1591 2097 ejusdem

234 2140 293 2185 non
321 2121 436 2197 ierant3
459 2120 564 2183 merito
580 2130 676 2184 minen
706 2121 773 2185 ideo
796 2122 895 2184 alio·
924 2118 1073 2186 eccleciae
1095 2124 1294 2200 confirmata,
1317 2122 1418 2186 solitis
1440 2124 1512 2187 dum
1537 2144 1594 2188 so-

233 2226 331 2290 manis
369 2235 439 2290 sunt
475 2227 658 2308 improbatae
698 2228 775 2311 quod
809 2247 894 2291 natac
925 2225 1595 2311 cenetense.eetetront,praeser1)taeo-

234 2337 369 2417 privatos
385 2334 489 2396 doctor
504 2333 673 2413 corrigendi
688 2336 822 2399 rubricas
837 2334 896 2397 sibi
925 2354 996 2399 num
1022 2338 1054 2397 et
1075 2333 1299 2399 sniataeonon
1326 2354 1417 2400 unum
1444 2334 1596 2416 Capella-

237 2449 404 2522 competere
421 2441 474 2527 jus
496 2439 634 2502 arbitrari
656 2440 751 2507 debet.
781 2441 895 2523 saper·
926 2462 997 2505 nant
1018 2444 1215 2504 assistentem
1236 2460 1304 2503 cum
1322 2439 1457 2521 pluuiali
1469 2441 1595 2517 labere,

235 2549 302 2613 fluis
343 2547 434 2630 igitar
469 2544 661 2632 insolitisque
695 2547 895 2611 additionibus
927 2547 996 2612 licet
1017 2547 1093 2610 banc
1116 2548 1329 2612 assmtmtiam
1350 2547 1428 2612 coiis
1450 2549 1597 2614 Prasia-

234 2655 475 2737 dcpromptisque
494 2675 510 2717 e
528 2657 650 2737 proprio
661 2653 775 2740 judicic
788 2656 896 2717 ritibus
928 2656 988 2729 tis,
1016 2673 1075 2717 non
1104 2658 1207 2718 autem
1239 2656 1417 2727 cassanicis,
1456 2656 1598 2719 dandam

234 2771 463 2827 annumerantur
492 2762 659 2843 praedictae
688 2763 896 2835 caeremoniae,
929 2781 997 2826 esse
1011 2779 1051 2824 ec
1065 2763 1257 2842 praescripto
1272 2760 1347 2825 libri
1360 2760 1602 2828 eamemonialt‘s

236 2887 309 2954 quas
330 2868 457 2949 proinde
479 2869 592 2932 tamdiu
608 2869 724 2956 rejiciet
738 2870 896 2961 Romanus,
928 2869 1343 2952 mapittercacremostiurarn
1351 2867 1486 2947 ejusdem
1495 2868 1600 2933 Man-

236 2976 373 3059 quamdiu
404 2995 455 3038 eas
483 2975 530 3039 vel
560 2997 615 3040 sua
641 2981 815 3040 auctoritate
837 2995 896 3038 non
930 2972 1386 3041 iaanasccclesiaeassemtetii.
1406 2974 1603 3040 Consuaramt

235 3082 360 3149 firmarit
388 3083 526 3146 Summus
556 3084 715 3162 Pontifex,
746 3080 792 3145 vel
822 3101 897 3145 con·
928 3078 1431 3166 enimPatresetdeclaraverunt2)
1444 3084 1605 3163 praedic-

235 3188 340 3255 scitota
380 3189 449 3252 adid
491 3209 583 3271 genus
630 3195 895 3254 controversiarum
929 3185 1150 3254 tumecclest'ae
1165 3189 1606 3254 Mantuanacimmesnorubi-

237 3296 397 3365 finiendum
419 3299 450 3360 S.
467 3297 503 3361 it
520 3294 554 3359 C.
572 3316 639 3361 non
660 3298 804 3379 probarit.
835 3296 896 3361 ilt-
926 3293 983 3358 bn
1001 3295 1249 3360 comueiadiaem
1268 3296 1452 3360 servandam
1474 3314 1552 3358 esse
1577 3300 1608 3359 et

124 3434 129 3440 ·
237 3424 291 3487 que
314 3403 427 3468 eisdem
448 3404 581 3469 Romano
611 3424 663 3467 amu
685 3424 746 3468 non
766 3408 902 3485 receptis
927 3400 1224 3466 ntttitmooontnn
1240 3399 1283 3486 ³).
1308 3403 1426 3466 Reierri
1440 3404 1498 3466 huc
1516 3423 1604 3485 quo-

238 3511 429 3576 oaeremouiis
453 3522 624 3576 accensetur
646 3521 751 3575 nostra
766 3530 897 3575 consae-
928 3530 983 3594 que
1005 3511 1078 3573 illud
1101 3509 1251 3574 decretum
1266 3510 1370 3583 debet,
1394 3529 1451 3592 quc
1466 3512 1613 3571 carnari

237 3620 320 3698 tudo,
332 3618 422 3706 juxta
437 3636 523 3702 quam
538 3616 691 3682 celebrans
707 3639 740 3681 se
755 3616 898 3700 aliquan·
928 3616 1051 3682 sedtum
1063 3616 1252 3680 mandavitS.
1264 3618 1299 3681 R.
1311 3616 1384 3681 (lin
1394 3614 1519 3679 ll'ics'en.
1535 3618 1608 3680 suls.

238 3728 331 3791 tulum
353 3727 391 3790 ad
413 3735 527 3790 stantes
557 3725 627 3789 binc
650 3726 719 3789 inde
741 3726 897 3789 ministros
930 3731 961 3790 7.
983 3724 1122 3789 Decemb.
1151 3729 1252 3798 icto,
1274 3732 1306 3785 ut
1334 3742 1378 3785 sc.
1403 3722 1613 3803 Praepositae

238 3832 378 3912 inclinat,
410 3852 475 3896 cnm
497 3832 575 3896 iacta
598 3832 786 3896 confessione
808 3832 899 3908 „Mi-
929 3834 959 3894 in
982 3830 1032 3894 ilis
1053 3829 1189 3894 Nicicnsi
1209 3828 1534 3893 ecclesiasolemniter
1553 3850 1614 3913 pro

238 3943 381 4005 screator
411 3940 530 4004 Vestri“
552 3939 633 4006 dicit.
661 3939 747 4003 Hanc
768 3940 898 4004 inclina·
930 3940 1075 4021 Episcopo
1106 3936 1258 4000 celebrans
1287 3935 1362 3998 banc
1389 3939 1616 3999 assistentiam

259 4207 284 4274 ¹)
295 4210 348 4263 lma
376 4211 539 4261 rubricarum
574 4211 735 4271 expositores
766 4211 899 4258 nostrates
956 4206 978 4272 Ι)
991 4207 1074 4256 verbs
1094 4209 1156 4254 sirnt
1174 4202 1280 4251 decreti.

292 4300 413 4362 reperire
437 4301 529 4367 dattrr,
554 4302 601 4364 qui
616 4300 684 4351 banc
702 4298 897 4348 inclinationem
950 4292 977 4358 ι)
990 4296 1065 4346 liear.
1086 4292 1127 4343 it.
1144 4290 1207 4343 iau.
1227 4292 1294 4342 icat
1314 4294 1341 4341 ia
1360 4291 1505 4343 unnsoan

257 4420 259 4425 ,
294 4390 374 4439 etiam
391 4390 419 4438 in
438 4391 520 4440 missa
537 4393 636 4451 privata
654 4385 823 4438 exhibendam
841 4397 900 4435 esse
950 4383 978 4449 ⁸)
990 4383 1044 4432 iias
1055 4382 1118 4431 iacit
1135 4384 1206 4431 decr.
1218 4381 1342 4432 Biboren
1360 4382 1401 4431 tr.
1414 4381 1619 4432 itroiridob:

295 4476 465 4530 contendunt!
984 4472 1557 4536 mooeaerenontousupneoporannon
1566 4476 1626 4522 tat-

864 4612 868 4620 ,
985 4560 1625 4614 trstaacaitteeettnnenoraottesconsuens-

881 4630 886 4639 ’
984 4651 1069 4702 orna.
1100 4650 1136 4699 us
1153 4649 1201 4699 tce
1222 4650 1363 4700 moeson
1377 4655 1464 4702 socon
1478 4651 1583 4703 namt
1597 4655 1628 4703 tn

985 4740 1184 4806 parmarumque
1206 4740 1303 4803 repns‘s
1321 4747 1350 4789 et
1363 4743 1431 4792 iocis
1445 4750 1504 4805 ptr
1530 4749 1630 4794 aaran

988 4827 1281 4880 Ciristianansorbem.
1302 4828 1400 4879 Confer
1413 4833 1496 4879 etiam
1512 4833 1632 4884 Soter-

990 4919 1079 4970 nitan.
1108 4920 1150 4973 it.
1163 4918 1227 4970 iniit
1241 4917 1317 4968 icoo.
