3330 5222
213 312 340 365 &Error
445 268 448 277 ·
841 261 845 267 ἱ
898 315 1012 396 5015,

194 390 341 508 Ἧῖοζᾙ
385 412 391 423 ’
421 415 752 502 menstruatarum
776 416 907 484 utiliter
930 418 1275 486 maraharorum
1297 419 1345 486 rel
1358 439 1457 491 serve,
1476 436 1556 500 quos

202 529 342 580 servitem.
355 507 467 575 liberos
489 517 586 592 putet,
609 514 727 577 irritam
749 507 828 572 ieret
850 510 1082 573 matrimonium·

899 772 929 853 S·
956 780 1008 843 to.

206 886 232 937 t·
254 885 343 946 imii-
421 882 595 966 impotentia
612 881 745 947 debitum
758 878 918 971 conjugale
940 880 1118 967 praestandi
1138 885 1360 949 matrimonium
1376 879 1555 949 antecedens

201 958 336 1078 iffi&
354 979 384 1036 et
407 966 601 1055 insanabilia,
628 991 664 1035 ne
687 972 909 1039 matrimonium
933 968 1030 1034 valide
1053 970 1261 1047 contrahatur,
1285 966 1419 1055 inpedit·

202 1098 348 1161 coniugale

894 1294 925 1379 t·
957 1294 1008 1365 tr.

202 1401 230 1450 ἱ
247 1399 340 1463 inpu-
420 1391 519 1475 Quum
533 1402 633 1479 pueri.
657 1402 708 1481 qui
729 1399 1040 1481 decimumquartum,
1063 1407 1093 1463 et
1106 1393 1235 1482 paellae,
1255 1416 1328 1481 quae
1344 1395 1553 1463 duodecimum

221 1473 320 1523 Μ*
353 1491 459 1551 aetatis
475 1506 583 1553 annum
598 1487 728 1557 nondum
744 1484 945 1567 absolverint,
968 1486 1006 1553 de
1020 1484 1124 1569 regula
1138 1505 1232 1570 neque
1246 1485 1371 1567 phytiae
1386 1484 1425 1549 ad
1439 1491 1553 1553 matri·-

348 1581 482 1641 monium
504 1581 581 1657 apti,
603 1596 699 1659 nepus
721 1576 744 1639 ii
766 1581 845 1649 alat,
868 1580 921 1658 qui
935 1580 1119 1645 matrimonii
1141 1573 1336 1641 conmahondi
1360 1580 1440 1654 aim,
1462 1584 1556 1657 pront

349 1665 447 1745 mea.
485 1662 672 1750 intelligam,
703 1666 740 1729 da
767 1664 839 1751 jere
868 1663 908 1728 ed
941 1665 1162 1731 matrimonium
1196 1664 1344 1735 inlrairilea
1383 1673 1556 1731 censentur.

350 1748 468 1832 Quodsi
491 1763 589 1817 autem
612 1773 738 1836 unquam
762 1754 906 1825 eveniret.
931 1763 965 1817 ut
983 1755 1037 1817 ltro
1061 1764 1156 1817 aetate
1172 1752 1305 1821 minores
1326 1762 1358 1817 et
1375 1753 1502 1837 plrpaiea
1523 1763 1558 1817 et

349 1843 457 1905 morali
478 1841 516 1904 ad
539 1847 760 1906 matrimonium
783 1843 948 1925 aptitudine
969 1841 1130 1925 pollerent,
1161 1836 1371 1921 nihilominus,
1402 1846 1461 1905 nisi
1492 1842 1555 1905 de-

350 1950 440 2011 super
462 1931 499 1993 ab
521 1931 673 2014 Episcopo
696 1931 875 1995 dioaeesano
897 1928 946 1995 rei
976 1930 1014 1995 iit
1037 1937 1105 2016 ipsa
1127 1927 1307 2013 Apostoilee
1327 1929 1403 1995 Sede
1425 1938 1554 1996 senten·

349 2020 420 2082 riun
443 2017 670 2085 animuum
692 2020 895 2098 obtinuerint,
917 2024 1110 2088 matrimonio
1129 2020 1302 2109 jurgium
1324 2027 1462 2105 poseant.

893 2394 924 2479 s.
947 2398 998 2462 te.
1030 2368 1039 2385 ‘

78 2536 87 2547 =
199 2500 224 2552 ⁸·
241 2502 286 2553 Vl·
305 2506 332 2552 θ*
417 2500 605 2571 consensus,
629 2498 668 2563 ad
691 2520 776 2583 quem
799 2482 1024 2581 exprimendum
1048 2501 1113 2585 quis
1136 2518 1341 2587 aquaeunqua
1365 2521 1419 2582 per
1440 2496 1555 2569 malurn

189 2577 313 2659 ,ΝΜ
356 2610 406 2659 ma
449 2612 497 2659 um
520 2596 550 2659 el
572 2586 743 2657 inevitabile
766 2588 877 2677 injuste
899 2592 962 2673 ipsi
983 2584 1031 2657 val
1053 2591 1169 2654 illatum
1190 2584 1238 2653 voi
1268 2594 1562 2661 intentatum-eom-
1647 2586 1649 2623 ³

356 2611 486 2761 paliliur,
510 2679 549 2742 ad
570 2676 754 2743 matrimonii
774 2680 924 2743 vinculum
948 2678 1122 2745 nectendum
1144 2676 1223 2745 haud
1244 2676 1368 2747 raticio.
1444 2682 1450 2693 '
1530 2728 1538 2737 .
1646 2680 1648 2715 ¹

901 2857 929 2938 5.
956 2862 1008 2925 ta.

191 2958 339 3033 amplas.
420 2958 545 3037 muter,
569 2976 642 3047 quaa
655 2962 878 3029 matrimonium
902 2963 1024 3029 ineundi
1047 2982 1137 3029 eausa
1158 2960 1372 3045 raptamini,
1396 2952 1463 3031 enni
1475 2983 1559 3049 rap-

349 3060 424 3125 tore,
448 3052 587 3137 qutamdiu
608 3057 640 3115 in
663 3050 728 3138 ejns
751 3060 898 3134 potestate
922 3052 1083 3126 manserit,
1113 3052 1334 3121 matrimonium
1356 3050 1455 3116 aalide
1477 3071 1557 3121 eon-

350 3141 467 3204 trnlrere
490 3143 600 3222 remit.
647 3140 744 3222 Rapta
767 3140 913 3207 censenda
935 3151 983 3205 est
1011 3143 1132 3215 mulier,
1164 3160 1237 3226 quae
1260 3142 1407 3209 violentia
1428 3146 1486 3223 ipsi
1508 3144 1552 3207 ii-

350 3232 411 3294 lata
431 3230 480 3293 rei
503 3230 670 3302 abducitur,
694 3230 740 3293 aei
765 3237 795 3295 in
811 3232 893 3301 loeo,
919 3230 955 3293 ad
979 3250 1063 3315 qrrem
1087 3228 1157 3294 dolo
1181 3228 1288 3294 allecta
1303 3240 1359 3309 est,
1384 3230 1548 3305 detinetnrr

350 3338 403 3382 neo
427 3339 487 3382 non
511 3340 562 3397 aa,
593 3339 665 3403 qnae
695 3325 819 3397 arira,
852 3320 899 3383 oui
928 3331 997 3386 aute
1025 3322 1141 3384 iaeinus
1170 3326 1227 3405 ritp
1257 3321 1437 3402 desponsata
1471 3316 1553 3380 band

349 3409 418 3479 luit,
442 3413 508 3490 ipsa
528 3409 600 3472 lieet
623 3410 839 3483 consentiente,
862 3412 969 3473 inseiis
992 3419 1090 3473 tanne
1111 3411 1160 3475 roi
1179 3411 1284 3479 inritis
1306 3406 1477 3493 pareuttbno
1497 3426 1555 3471 eeu

349 3497 498 3563 tutoribus
519 3498 685 3563 aldneitur.
758 3566 763 3576 ⁸

893 3855 1002 3936 §.aa

188 3956 349 4028 auganen-
418 3958 603 4024 Matrimonii
625 3956 779 4024 vinenlum
800 3952 905 4027 eodem
925 3956 1047 4047 junctos
1070 3956 1110 4022 ati
1130 3952 1212 4025 alind
1228 3958 1451 4027 matrimonium
1473 3970 1559 4024 ton-

350 4048 524 4113 trahendum
548 4050 694 4115 inhabiles
716 4048 826 4114 reddit.

899 4179 927 4247 Β.
951 4174 1004 4238 tt.

415 4280 573 4343 Vinculum
603 4280 786 4343 matrimonii
816 4280 916 4342 aalide
948 4286 1094 4344 contracti
1121 4281 1174 4344 sed
1196 4280 1327 4345 nondum
1351 4281 1561 4345 consummati
1636 4260 1638 4323 i

350 4390 403 4451 per
432 4365 596 4432 solemnem
624 4366 785 4450 religionis
814 4370 1033 4450 professionem
1055 4367 1182 4432 alterius
1205 4369 1343 4456 conjugis
1364 4371 1413 4433 rel
1435 4371 1562 4435 Summi
1634 4326 1637 4433 i

350 4458 503 4522 Pontificio
525 4457 749 4539 dispensatione
772 4457 933 4521 dirimitur.
979 4452 1201 4522 Matrimonium
1224 4479 1243 4522 a
1265 4457 1447 4525 Christianis
1471 4475 1560 4523 eon-

351 4556 489 4620 nactum,
512 4556 670 4632 postquam
693 4554 927 4613 consummatam
949 4544 1058 4627 inurit,
1080 4551 1203 4612 nonnul
1225 4556 1321 4611 morte
1343 4544 1423 4612 solvi
1438 4555 1561 4629 potest.

887 4736 917 4829 ς
947 4744 1000 4815 22·

351 4916 356 4925 ,
417 4840 536 4925 Quodsi
556 4845 721 4917 ceruum
743 4846 969 4927 nouaunnllei
991 4854 1158 4928 autumem,
1184 4850 1370 4921 mutuanti
1398 4848 1561 4927 antelam

350 4933 429 4997 solvi
450 4954 558 5016 posse,
580 4935 716 4999 Eeeleaia
737 4947 872 5003 errantes
894 4926 1046 5020 deplorat,
1069 4955 1171 5003 rerum
1187 4940 1253 5022 peti
1271 4944 1384 5024 nequit,
1407 4947 1440 5023 nt
1461 4956 1563 5023 error
