3346 5216
146 140 203 223 88

148 331 354 410 mareas,
375 327 688 414 ponebrdomal’us,
710 332 805 411 atqab
818 324 1031 392 ita·illaa'tota
1047 342 1155 411 gerare
1176 332 1216 394 ab
1232 332 1281 394 lde
1296 324 1510 409 acediosum,

148 451 183 507 ut
205 461 296 522 saepe
320 459 443 505 numero
465 435 640 519 particulari
663 433 788 517 quadam
809 432 873 515 lege
894 435 1090 515 prohibeatur
1111 417 1159 499 uel
1182 435 1289 501 saltem
1309 440 1509 520 permittatur,

151 548 229 631 quod
254 545 415 611 universali
435 552 594 626 praecepto
615 542 844 624 praescribatur.
891 538 1012 624 Gonjici
1024 560 1098 623 erfo
1111 560 1129 604 a
1144 545 1241 624 priori
1256 545 1354 617 datar,
1375 545 1513 609 naariam

154 673 278 736 quoque,
303 672 337 715 eo
360 658 427 733 ipso
450 648 529 732 quod
551 656 582 712 in
606 666 725 712 censam
747 649 869 728 proprie
889 647 1037 710 dictarum
1059 647 1158 732 legum
1181 651 1363 725 referantur,
1385 656 1513 713 cunirar-

151 758 235 827 solas
259 778 362 822 omnes
386 777 477 839 neque
501 774 692 836 essemque,
717 753 794 835 quod
810 772 995 839 consequeus
1015 764 1068 833 ast
1089 758 1229 820 omnibus
1252 776 1354 821 omues
1379 774 1447 820 esse
1469 760 1515 820 uti

150 865 233 949 leges
262 867 475 948 praescriptas.
519 864 566 925 Ne
595 881 666 923 vero
697 866 763 940 quis
793 858 918 924 ulterius
946 864 1054 925 anxius
1085 861 1220 939 baereat,
1251 875 1348 927 auum
1379 864 1514 927 rubricae

152 974 275 1038 omnino
299 991 403 1036 omnes
424 970 472 1035 val
495 972 533 1031 ob
548 986 702 1043 summam,
725 985 813 1049 aqua
831 966 1037 1050 utplurimum
1060 971 1211 1051 proiectas
1226 979 1303 1047 sunt,
1327 978 1516 1053 potestatem,

151 1078 200 1145 sel
231 1081 268 1143 ab
301 1080 419 1143 easdem
449 1075 545 1139 ubiuis
573 1075 638 1137 iere
661 1072 792 1136 locorum
816 1075 984 1141 obtinentes
1007 1096 1130 1154 mersas,
1160 1077 1197 1139 ad
1228 1074 1309 1158 leges
1332 1076 1517 1145 rraiversales

153 1188 232 1251 iorte
255 1205 316 1250 non
338 1187 399 1249 sint
422 1181 623 1257 revocandae,
655 1180 766 1243 dicteria
793 1182 1005 1262 partitionem,
1035 1185 1065 1249 in
1096 1182 1241 1249 rudricus
1262 1185 1456 1250 aramum
1487 1197 1518 1249 at

151 1291 365 1375 particulares
396 1290 553 1353 illustrabo
585 1286 742 1369 exemplis.
789 1289 884 1353 Nemo
907 1298 954 1353 est
977 1292 1026 1370 qui
1048 1299 1153 1372 negat,
1184 1291 1318 1355 rubricas
1340 1290 1518 1375 plerumque

154 1420 260 1465 omnes
285 1394 318 1483 ¹)
341 1400 374 1460 in
390 1396 521 1461 Missole
544 1405 574 1457 et
587 1393 786 1459 Breciom'um
808 1391 921 1458 relatas
932 1416 996 1459 esse
1011 1395 1227 1477 une'ccraules5
1248 1409 1385 1463 econtra
1401 1398 1517 1479 plateoe.

153 1516 240 1591 puta,
271 1505 349 1587 quod
376 1506 409 1566 in
438 1500 591 1566 nonnullis
621 1502 805 1571 dioecesibus
835 1510 919 1567 extra
948 1500 1067 1569 iulum
1091 1520 1154 1567 usu*
1169 1516 1216 1567 est
1238 1516 1403 1588 receptum,
1438 1507 1518 1587 quad

155 1616 235 1685 intra
257 1614 418 1677 missarum
448 1607 590 1672 solemnia
620 1618 649 1671 et
679 1611 709 1671 in
740 1607 922 1672 solemnibus
954 1617 1090 1692 vesperis
1119 1630 1221 1675 coram
1250 1614 1389 1696 exposita
1416 1613 1517 1677 Sumo.

154 1726 342 1801 sacramento
365 1738 426 1783 acu
447 1714 544 1781 liceat
571 1714 723 1781 ministris
752 1717 786 1776 a'a
814 1720 959 1780 consueta
986 1737 1136 1782 mommo
1164 1718 1290 1799 aedere3
1319 1721 1407 1789 ium,
1439 1720 1520 1800 quod

156 1827 284 1893 missam
305 1823 473 1891 aobmncm
496 1843 562 1889 cum
575 1820 704 1887 diacono
726 1831 756 1883 et
771 1822 956 1887 subdiacono
970 1821 1059 1887 liceat
1074 1824 1231 1898 celebrare,
1255 1830 1325 1912 quin
1341 1834 1371 1889 at
1386 1831 1521 1908 quercu

160 1931 293 1999 clericae
328 1931 425 2001 adstet
454 1930 490 1995 ad
521 1927 600 1995 aare
631 1927 808 1993 celebrantis
837 1929 920 2013 eique
956 1932 1034 1997 sicut
1062 1942 1093 1999 et
1123 1934 1250 1999 diacona
1277 1944 1309 1997 at
1338 1932 1522 1999 modum

158 2040 273 2127 jugiter
295 2040 447 2111 assistat:
469 2041 543 2115 stac
565 2035 719 2113 rubricae,
740 2035 875 2118 iaqumu,
899 2039 1009 2107 Romae
1031 2023 1203 2107 nullatcnus
1228 2043 1346 2124 uigent,
1369 2060 1436 2104 com
1457 2046 1523 2105 rub

162 2148 252 2209 nistri
276 2148 357 2208 sacri
380 2143 469 2208 eiiam
493 2162 592 2205 coram
615 2142 753 2224 exposito
769 2144 961 2207 sanctissimo
985 2145 1180 2212 eucharistiae
1197 2158 1384 2213 sacrammtn
1404 2157 1469 2211 tana
1490 2149 1523 2212 ia

159 2254 250 2319 missa
273 2261 335 2313 tum
358 2254 390 2315 in
413 2253 547 2334 vesperis
571 2256 601 2315 iu
624 2268 748 2313 scamno
769 2249 902 2329 sedeant,
926 2254 1227 2337 cumquodeniquein
1241 2254 1321 2323 alma
1338 2255 1418 2320 Urbe
1440 2274 1525 2318 nan-

161 2378 248 2443 quam
271 2363 397 2425 missam
420 2356 581 2421 solemnem
605 2366 723 2423 cantare
748 2354 853 2435 liceat,
879 2359 990 2441 absque
1014 2370 1118 2440 quarto
1141 2359 1212 2439 iiio,
1235 2362 1272 2447 de
1295 2383 1354 2446 quo
1378 2362 1525 2437 eluimus

161 2463 280 2539 clerico,
304 2466 409 2548 quique
432 2466 670 2529 eoerenaona'ore'i
691 2448 888 2544 appellatione
904 2465 1072 2529 decoratur⁴
1110 2471 1186 2537 Sunt
1210 2489 1282 2553 argu
1297 2471 1374 2535 istae
1388 2468 1525 2535 rubricae

159 2551 364 2638 particulares.
1518 2636 1523 2653 ·

298 2684 348 2745 10.
380 2675 459 2758 Quid
492 2678 569 2760 quod
598 2687 627 2741 ct
653 2679 737 2759 ipsae
760 2674 953 2741 aeumersoles
976 2684 1008 2742 in
1031 2679 1147 2743 Missali
1170 2689 1200 2744 et
1221 2679 1374 2744 Breviorio
1396 2684 1525 2763 consig-

162 2796 249 2851 natae
284 2788 419 2850 rubricae
452 2785 503 2850 tali
533 2805 593 2851 non
625 2784 770 2868 gaudeant
802 2783 1035 2862 universalitate,
1065 2807 1138 2869 quae
1168 2800 1317 2851 aunuente
1347 2787 1524 2871 legislatore

163 2892 274 2958 nullam
306 2895 427 2956 omnino
456 2896 619 2975 legitimam
650 2894 780 2975 patiatur
809 2892 1038 2973 exceptionem?
1067 2893 1203 2957 Etenimt
1232 2895 1302 2981 quid
1327 2892 1525 2958 raairersalius

164 3005 329 3083 excogitari
362 2999 414 3063 illa
445 2998 511 3081 lege
546 3010 665 3082 potest,
698 3020 753 3082 qua
788 3003 904 3083 precari
940 3009 1009 3061 ante
1040 3003 1274 3065 communionem
1299 3000 1437 3089 jubemur
1469 3002 1525 3064 ad:

165 3130 287 3193 ‚,uquae
312 3106 391 3184 Dei,
424 3110 478 3189 qui
501 3104 583 3173 tollis
606 3111 736 3188 peceato
759 3106 881 3169 aaronem
907 3113 1003 3188 prima
1024 3118 1111 3191 atque
1134 3106 1226 3171 altera
1249 3116 1327 3172 vice:
1360 3112 1527 3185 „massere

165 3218 289 3293 uobis‚“
312 3217 402 3279 tertio
425 3236 512 3291 vcro,
538 3214 638 3293 „douo
661 3213 748 3278 nodia
773 3224 912 3294 poscor&

301 3323 340 3386 Et
362 3332 460 3384 tamen
485 3324 540 3384 ista
562 3322 679 3384 rubrica
712 3325 742 3384 iu
770 3318 822 3384 illa
844 3320 983 3395 ccclesia,
1016 3342 1088 3405 quae
1110 3326 1240 3385 umidum
1266 3323 1357 3387 d'rda‘e
1379 3329 1409 3385 et
1433 3324 1529 3389 orta

169 3431 371 3498 ecelesiarum
392 3432 491 3492 mater
513 3434 562 3491 est
583 3433 614 3490 et
637 3433 745 3507 copul,
779 3430 808 3490 in
833 3438 1041 3491 sacro-sancta
1065 3427 1158 3491 almae
1181 3429 1292 3492 Romae
1314 3426 1529 3497 Laterensem

167 3536 316 3613 basilico,
347 3557 405 3600 non
436 3545 482 3598 cst
505 3543 641 3617 recepta,
678 3554 742 3598 com
774 3556 833 3599 non
862 3534 959 3599 solum
988 3536 1109 3600 inolitas
1142 3535 1225 3600 illius
1255 3534 1398 3601 ecclesiae
1426 3537 1530 3603 clerus

168 3649 334 3728 caeterique
357 3647 388 3706 in
412 3664 446 3705 ca
470 3644 648 3706 sacrificium
673 3644 829 3707 offerentes
852 3643 1022 3708 sacerdotes
1047 3644 1098 3707 sed
1123 3645 1242 3727 etipse
1264 3644 1294 3706 in
1318 3644 1396 3708 Urbe
1420 3646 1531 3709 Ponti-

168 3756 235 3821 ficis
252 3752 397 3827 vicarius,
420 3753 450 3813 iu
467 3750 595 3814 solemni
617 3748 774 3813 collatione
790 3749 935 3814 Ordinum
952 3772 1008 3814 una
1025 3770 1090 3815 cuna
1106 3752 1260 3818 Ordinatis
1275 3753 1530 3833 Neoprcsbpteris

170 3862 259 3928 etiam
291 3859 379 3922 tertio
408 3857 475 3920 locu
507 3860 650 3922 miserere
679 3856 767 3922 raum's
797 3868 952 3940 reponant.
1022 3852 1103 3938 Quid
1137 3880 1227 3941 porro
1256 3857 1456 3923 universalius
1495 3882 1531 3924 ea

169 3970 305 4044 rubrica,
335 3987 390 4049 qua
421 3963 619 4028 subdiaconus
650 3966 688 4028 ad
711 3969 844 4029 aeneiae
866 3966 1028 4029 ascendere
1050 3965 1087 4029 ed
1112 3963 1189 4029 latus
1212 3965 1375 4029 sacerdotis
1394 3965 1531 4052 jubetur.

170 4078 208 4142 Et
228 4084 411 4141 tamennon
434 4074 465 4135 iu
479 4073 558 4136 Urbe
582 4072 688 4143 solum,
712 4076 919 4136 verumetiam
942 4073 974 4135 in
997 4072 1098 4136 multis
1121 4073 1190 4137 aliia
1205 4072 1534 4155 dioecesibrminsupea·

171 4183 259 4268 plane
282 4183 407 4247 babetur
428 4181 483 4243 boc
505 4189 705 4262 praeceptum.
751 4179 897 4247 Paulatim
920 4184 999 4245 enim
1023 4201 1077 4244 usu
1101 4190 1148 4245 cst
1170 4179 1386 4255 introductum,
1410 4190 1440 4244 ut
1464 4182 1529 4245 im-

173 4300 272 4357 motus
295 4292 327 4355 in
349 4289 438 4372 plano
462 4298 622 4353 remaneat.

310 4423 361 4483 11.
385 4415 468 4479 Unde
492 4414 602 4476 erroris
624 4413 838 4477 conducuntur
861 4414 1023 4496 quicunque
1045 4415 1181 4476 rubricas
1204 4411 1439 4476 omuinoomues
1462 4414 1535 4478 ideo

174 4524 286 4589 vellent
309 4518 528 4586 universalibus
552 4528 776 4583 connumeratus
791 4514 924 4600 legibus,
949 4520 1026 4603 quod
1049 4517 1223 4603 plenumque
1247 4540 1351 4584 omues
1373 4540 1390 4582 a
1413 4540 1534 4585 summa

178 4634 209 4694 in
239 4630 332 4691 terris
365 4635 509 4709 potestate
539 4628 601 4689 sint
630 4624 676 4689 vel
707 4624 859 4707 proiectae
889 4624 937 4690 val
965 4628 1157 4713 approbatae.
1212 4626 1374 4694 Commurm
1405 4648 1533 4712 namque

179 4814 391 4835 μ

236 4930 260 4997 ¹)
285 4926 342 4979 cur
358 4890 481 4981 merra:
498 4932 658 4999 patum
674 4942 769 4985 eom
786 4930 900 4985 inaura
918 4931 1026 4995 usaue
