3330 5222
1308 76 1428 157 xisti

126 215 285 277 iiioeeesauas
304 207 452 287 synodos,
477 226 541 271 erum
564 212 745 273 noverimus,
770 208 928 273 nonnullos
951 227 988 271 ex
1011 210 1176 293 episcopali
1196 218 1297 272 vestro
1318 209 1424 275 ordine

124 300 269 365 vehementer
290 316 399 377 cupere,
423 316 456 357 ea
481 318 513 356 se
535 298 672 361 facultate
696 300 819 369 muniri,
847 317 918 379 quae
940 317 957 358 u
980 297 1074 361 Nobis
1096 297 1257 361 Leodiensl
1279 297 1427 381 Episcopo

124 389 328 472 perdescriptum
351 385 398 446 die
423 393 452 450 1.
468 384 543 470 Maji
567 387 654 451 Arene
674 390 753 459 1851
782 384 893 447 editum
907 386 963 447 iuit
986 405 1136 459 concessa,
1160 393 1190 451 in
1213 393 1313 453 aniam
1330 384 1427 451 Nobis

125 488 166 548 est,
183 477 287 537 illorum
315 474 471 536 desideriis
502 474 716 551 obsecundare,
747 478 797 556 lpui
827 472 1016 539 idaNobis
1039 476 1255 557 postulaverint
1278 495 1313 541 ae
1338 476 1427 539 simul

128 566 239 651 periuria
266 563 400 644 proprius
431 561 569 649 cujusque
591 567 767 631 Niaeeeseos
797 561 938 647 adjuncta
967 564 1070 627 sedulo
1100 570 1310 646 exposuerint,
1340 574 1373 627 ut
1394 584 1428 629 ea

131 660 214 717 uenus
228 651 452 735 consilia‚,quee
476 658 577 737 cuique
593 653 731 717 Dioecesl
757 656 857 731 magis
879 662 1044 734 opportuna
1068 653 1131 717 sere
1146 653 1428 725 existimaverimus.

130 742 172 805 lin
187 750 270 803 mtem
293 762 346 822 pro
369 750 451 803 certo
473 738 642 814 habeamus
667 740 744 803 nihil
767 739 910 821 catholico
933 746 985 804 isti
1007 743 1158 807 Gubernio
1179 748 1279 825 potius
1304 762 1428 825 uinquam

124 832 219 902 iumen,
240 850 322 914 qrrum
346 838 374 891 et
397 828 571 911 religionem
589 838 623 892 et
645 835 783 910 pietatem
806 834 886 892 omni
914 830 1014 893 studio
1037 836 1132 912 magis
1156 837 1188 895 iu
1213 833 1276 897 dies
1299 837 1428 895 excitare

122 939 144 980 u
159 920 253 991 iuvere,
281 927 346 983 ,tum
377 923 405 980 si
434 918 615 982 Gubernium
644 919 721 981 idem
751 918 808 981 sibi
839 917 950 1000 aliquid
973 924 1005 981 in
1027 925 1105 982 rotis
1127 940 1189 983 esse
1214 923 1427 1002 significaverit

119 1008 183 1092 qmsd
199 1008 318 1071 immam
340 1018 369 1068 et
391 1007 570 1080 methodum,
594 1028 648 1090 qus
673 1005 743 1070 libri
766 1006 804 1069 ad
826 1008 1001 1088 religionem
1022 1014 1297 1089 ner-tinenteemnt
1318 1014 1427 1092 scripti

117 1095 297 1175 insciolsrum
321 1116 414 1171 usum,
439 1096 585 1181 ejusmodi
607 1106 742 1159 votorum
765 1102 842 1160 ratio
858 1097 951 1160 Vobis
974 1102 1031 1161 erit
1054 1094 1195 1170 habenda,
1220 1098 1304 1162 selvo
1328 1108 1425 1162 tamen

116 1205 200 1266 semper
218 1187 409 1268 incolumique
431 1197 532 1249 vestro
550 1184 667 1272 judicio
688 1205 722 1247 ee
742 1186 810 1271 jure
833 1185 911 1248 cirea
934 1186 1106 1256 doctrinam,
1132 1206 1203 1271 quse
1219 1186 1327 1250 iisdem
1341 1188 1427 1249 libris

115 1280 251 1337 mniinetur.
297 1276 422 1340 Omnem
444 1295 516 1337 vero
539 1296 638 1337 eurum
661 1274 832 1355 impendite,
857 1284 888 1337 ut
910 1280 941 1337 iu
963 1274 1205 1355 primordiorum
1228 1297 1279 1338 seu
1295 1277 1428 1338 elemen-

114 1367 174 1425 urm
191 1362 291 1426 sciolis
314 1368 337 1425 il
359 1362 396 1425 ud
420 1365 595 1426 catechesim
618 1364 790 1426 tradendum
812 1362 1007 1441 adhibeantur
1037 1364 1124 1437 libri,
1157 1365 1272 1446 quibus
1285 1364 1428 1450 juventus

113 1471 175 1513 uren
195 1452 374 1537 eamdemque
395 1450 555 1515 catholicae
566 1453 718 1515 Ecclesiae
741 1451 874 1515 addiscet
897 1452 1078 1524 doctrinam,
1102 1462 1190 1536 atque
1211 1463 1243 1516 ut
1265 1453 1346 1516 nulla
1368 1472 1429 1515 un-

44 1552 46 1567 ’
110 1558 172 1625 man
198 1541 284 1627 quoad
315 1541 409 1603 libros
432 1547 516 1623 ipsos
537 1540 588 1604 liat
610 1546 787 1614 immutatio,
819 1545 878 1605 nisi
900 1545 1000 1623 gravis
1021 1541 1102 1604 adsit
1125 1561 1227 1614 eausa.
1259 1553 1289 1606 et
1311 1543 1428 1605 collutis

108 1648 197 1711 semper
215 1624 288 1693 inter
302 1628 367 1693 Vos
390 1632 538 1693 consiliis.
582 1626 620 1693 Et
639 1635 780 1714 streniam
804 1638 987 1711 compertum
1002 1630 1243 1712 exploratumque
1258 1632 1350 1695 Vobis
1368 1625 1428 1704 est,

110 1737 173 1799 quam
190 1719 370 1781 vehementer
384 1724 429 1781 rei
452 1738 516 1781 eum
533 1739 636 1782 sacrae
651 1730 712 1781 tum
727 1720 862 1801 publicae
878 1723 1007 1789 intersit,
1031 1718 1235 1783 adolescentes
1251 1726 1428 1801 praesertim

110 1805 211 1873 umens
230 1809 277 1873 val
298 1830 319 1871 a
332 1814 448 1873 teneris
470 1810 556 1872 aunis
579 1808 618 1872 ud
633 1814 771 1890 pietatem
787 1818 959 1893 omnemque
981 1810 1128 1879 virtutem,
1152 1815 1182 1868 et
1197 1810 1427 1872 ecclesiasticum

109 1900 217 1975 spiritum
237 1905 350 1959 maturo
371 1899 567 1968 toniormeri‚
597 1916 632 1960 ae
661 1899 769 1960 litteris
801 1906 829 1959 et
860 1895 1030 1977 disciplinis
1054 1902 1243 1978 potissimum
1272 1904 1367 1961 sacris
1390 1899 1427 1960 ab

108 1991 167 2047 enni
185 2006 301 2066 prorsus
324 1986 462 2072 cujusque
484 1991 595 2048 erroris
618 1988 749 2066 periculo
772 1988 877 2048 olienis
899 1987 1001 2048 sedulo
1024 1988 1116 2048 imbui
1132 1996 1162 2047 et
1176 1986 1297 2058 erudiri,
1321 1991 1428 2048 iccirco

108 2074 197 2136 tolbtis
223 2081 299 2139 inter
327 2096 381 2138 vos
417 2076 547 2138 consiliis
575 2077 655 2137 omni
687 2075 785 2137 studio
809 2079 984 2156 prospicite,
1017 2086 1048 2137 ut
1071 2081 1101 2137 in
1124 2080 1232 2137 uestris
1255 2077 1429 2137 Seminariis

44 2162 46 2195 :
109 2176 211 2225 ucurutr
225 2165 496 2227 sitecelesiastieae
519 2166 701 2227 educationis
726 2168 811 2237 ratio,
835 2172 864 2225 et
885 2183 918 2224 ee
942 2165 1120 2244 optimorum
1143 2165 1308 2227 studiorum
1330 2170 1429 2246 vigent

44 2326 45 2339 χ
108 2251 235 2325 methodus,
258 2273 333 2335 quae
356 2273 463 2325 rerum,
487 2262 652 2335 temporum
674 2272 708 2316 ae
732 2251 863 2316 locorum
886 2258 1042 2335 perpensis
1062 2253 1211 2339 adjunctis
1234 2264 1263 2316 et
1285 2254 1428 2338 majorem

108 2338 225 2406 Ecclesiae
246 2343 405 2407 utilitatem
427 2362 529 2425 perere
544 2348 652 2424 possit,
675 2361 710 2404 ae
733 2343 823 2404 simul
845 2342 962 2412 eiiciet,
985 2350 1017 2404 ut
1033 2340 1139 2405 Oleros
1163 2343 1288 2405 salutari
1311 2343 1428 2406 solida-

109 2448 147 2510 que
163 2436 277 2494 scientia
299 2451 335 2493 ae
358 2431 496 2495 doctrina
517 2432 709 2513 praeiulgeat.
755 2428 788 2493 ln
810 2427 975 2513 seligendis
997 2440 1094 2494 autem
1115 2432 1348 2512 professoribus,
1375 2451 1428 2494 seu

109 2522 241 2601 numnis,
270 2518 458 2602 singularem
485 2521 669 2603 diligentiam
699 2529 727 2583 et
758 2521 943 2602 vigilantium
974 2519 1143 2591 adhibete,
1159 2530 1189 2583 et
1219 2525 1428 2603 gravissimum

110 2605 202 2671 aanor
220 2630 329 2673 munus
351 2608 443 2673 nolite
467 2629 592 2692 unquam
616 2612 814 2687 committere,
843 2611 905 2671 uisi
927 2609 1019 2686 viris,
1043 2612 1093 2691 qui
1114 2606 1275 2691 religione,
1308 2612 1428 2691 pietate,

111 2695 165 2759 titre
183 2700 365 2781 integritate,
387 2684 502 2761 morum'
525 2701 671 2781 gravitate
695 2718 728 2761 ao
744 2719 833 2761 sanae
849 2699 1000 2760 doctrinae
1023 2695 1109 2760 laude
1126 2701 1247 2761 omuino
1264 2707 1427 2779 praestent.

114 2781 163 2848 bun
178 2798 262 2851 uuum
280 2789 324 2851 ob
339 2788 542 2865 tristissimas,
565 2789 758 2868 omnibusque
774 2789 950 2871 notissimas
966 2806 1064 2848 rerum
1080 2787 1305 2851 vicissitudines
1321 2784 1428 2871 aliquis

117 2870 201 2939 Ιιιιίίιιι
220 2878 300 2941 inter
325 2874 545 2940 ecclesiasticos
567 2880 649 2939 viros
672 2877 921 2958 possitreperiri,
945 2877 993 2955 qui
1009 2873 1173 2938 Caesareae
1190 2886 1219 2937 et
1235 2873 1428 2956 Apostolicae
1503 2947 1507 2955 ,

121 2957 223 3044 bimuli
244 2970 326 3030 Suae
354 2960 430 3027 haud
460 2968 501 3028 sit
530 2966 689 3046 probatus,
720 2965 829 3027 ideireo
859 2964 896 3026 sd
928 2982 1044 3026 omnem
1075 2962 1277 3027 difficultatem
1306 2966 1425 3046 penitus

130 3055 277 3130 mulam
305 3064 368 3116 tum
391 3056 422 3117 in
438 3055 598 3138 parochiis,
621 3064 682 3116 tum
705 3056 736 3115 in
752 3052 820 3116 aliis
844 3051 1055 3116 ecclesiasticis
1073 3051 1222 3116 benefieiis
1239 3055 1427 3117 conierendis

128 3143 269 3208 mutabis
296 3144 372 3221 erit,
401 3152 432 3205 ut
462 3144 498 3206 ad
521 3141 573 3206 illa
596 3144 716 3206 minime
739 3144 760 3204 ii
784 3141 930 3223 eligantur
953 3140 1149 3205 ecelesiastici
1172 3144 1245 3218 viri,
1277 3145 1326 3225 qui
1348 3142 1428 3206 Cae-

123 3239 223 3295 tures
246 3230 444 3315 spostolicae
467 3231 619 3317 Majestati
642 3234 717 3294 Suae
749 3230 861 3293 minus'
877 3233 939 3293 sint
961 3233 1085 3313 accepti.
1131 3232 1228 3314 Atque
1250 3234 1281 3295 id
1305 3251 1429 3294 noscere

44 3354 45 3383 ;
116 3319 210 3390 meter
237 3325 306 3385 sive
339 3340 377 3383 ex
405 3324 471 3402 ipsa
502 3320 767 3384 ecelesiasticorum
799 3318 899 3383 indole
922 3330 951 3382 et
975 3320 1161 3397 conditione,
1188 3322 1252 3383 sive
1276 3340 1314 3383 ex
1336 3338 1429 3402 prae·
1472 3333 1474 3336 “

44 3448 45 3455 1
115 3402 241 3474 munaus
266 3410 414 3475 Gubernii
442 3410 547 3487 iactis,
578 3413 641 3473 sive
670 3408 738 3472 aliis
766 3408 882 3472 idoneis
911 3409 1052 3472 adhibitis
1081 3409 1191 3495 modis,
1236 3411 1361 3490 Insuper
1390 3409 1427 3471 ob

112 3494 350 3562 eberacensem
372 3507 529 3581 antequam
553 3497 670 3582 eligatis
695 3500 851 3561 Seminarii
875 3499 1064 3578 professores
1088 3507 1117 3565 et
1140 3498 1322 3579 magistros,
1353 3518 1428 3580 opus
1477 3518 1481 3528 ·

111 3588 149 3655 ffb
166 3594 190 3647 ut
208 3588 441 3670 diligentissime
464 3588 620 3668 inquiratis
644 3596 673 3650 et
696 3590 769 3650 certi
792 3589 871 3663 sitis,
893 3607 964 3649 num
986 3588 1055 3668 lpsa
1076 3586 1223 3649 Caesarea
1247 3596 1276 3650 et
1292 3589 1428 3668 Aposto-

109 3661 148 3732 ie
165 3673 301 3762 llejestss
327 3675 438 3759 aliquid
461 3684 564 3738 oontm
586 3676 656 3740 illos
679 3675 785 3740 habeut
809 3678 885 3738 eirea
909 3696 958 3739 res
985 3674 1132 3756 politicas.
1180 3676 1314 3759 Denique
1337 3677 1429 3740 Vobis

107 3774 261 3845 sumopere
286 3765 369 3828 cordi
392 3767 443 3843 sit,
467 3767 659 3828 contineater,
675 3763 855 3846 advigilare,
878 3773 909 3827 ut
932 3767 963 3827 iu
988 3761 1200 3827 ecclesiasticis
1215 3766 1429 3841 functionibus

106 3862 130 3907 tt
145 3855 324 3930 potissimum
347 3856 377 3917 in
401 3864 592 3918 sacrosancto
608 3856 720 3919 Missae
735 3855 885 3917 Sacrificio
908 3864 938 3915 et
953 3856 1210 3917 Sacramentorum
1233 3856 1429 3919 administra-

105 3934 165 4031 llum
183 3943 331 4008 Ecclesiae
360 3942 504 4007 formulae
533 3946 565 4006 in
596 3942 697 4026 lingua
728 3942 868 4027 cujusque
898 3945 974 4005 ritus
1002 3943 1039 4005 ab
1069 3943 1122 4005 bae
1145 3942 1322 4025 Apostolim
1353 3943 1429 4006 Sede

102 4040 149 4103 pn
162 4033 271 4108 probati
293 4031 396 4095 sedulo
411 4034 460 4114 pie
479 4030 676 4115 religioseque
693 4042 881 4114 usrrrpentur.
929 4034 1029 4114 Neque
1045 4031 1190 4095 desinetis
1207 4034 1429 4099 studiosissime

104 4128 200 4197 ware,
228 4142 264 4185 ne
286 4119 414 4184 Praeluti
443 4122 602 4203 Episcopis
633 4123 790 4184 inferiores
821 4142 905 4183 sacru
936 4119 1097 4202 pontificali
1127 4123 1187 4184 riter
1218 4125 1248 4184 in
1275 4129 1429 4202 posterum

105 4214 190 4286 munt,
208 4212 267 4273 nisi
290 4209 437 4294 ejusmodi
460 4208 589 4293 speciale
611 4209 800 4292 privilegium
824 4212 860 4272 ab
884 4207 991 4273 esdem'
1009 4213 1116 4273 Sancte
1140 4211 1215 4274 Sede
1239 4210 1429 4287 obtinuerint,

105 4296 178 4358 tire
205 4299 387 4375 conditione,
418 4309 449 4362 ut
480 4303 529 4382 quui
550 4298 740 4381 privilegium
764 4299 842 4362 idem
865 4300 975 4363 fuerint
999 4302 1166 4375 consecuti,
1198 4298 1429 4378 diligentissime

105 4377 240 4450 ebservme
263 4389 401 4465 debeant,
431 4409 503 4471 quoe
534 4398 595 4451 tum
619 4391 650 4451 in
673 4390 800 4452 Decreto
824 4408 882 4453 ree.
907 4389 996 4451 illem.
1021 4388 1187 4452 Alexandri
1210 4385 1271 4451 VII.
1297 4386 1430 4451 Prosda-

44 4524 45 4529 ,
106 4474 214 4537 tesseris
240 4478 343 4541 Nostri
372 4479 420 4540 die
449 4483 503 4544 27.
528 4480 711 4560 Septembris
743 4480 831 4542 Amm
863 4484 946 4543 1659
975 4478 1069 4555 edito,
1099 4488 1161 4539 tum
1188 4477 1219 4538 ia
1242 4475 1429 4557 Apostolicis

106 4553 210 4625 litteris
230 4563 325 4631 ielieis
346 4568 562 4630 reeordationis
593 4567 639 4629 Pii
661 4565 721 4629 Vll.
745 4564 923 4629 Decessoris
953 4569 1067 4648 pariter
1089 4566 1194 4630 Nostri
1217 4566 1429 4647 incipientibus

106 4646 200 4719 „lieret
220 4654 364 4720 Romanos
387 4656 568 4720 Pontifices“
592 4666 621 4719 et
634 4653 683 4720 lu.
706 4630 809 4720 Nonas
833 4653 905 4719 Julii
928 4657 1016 4720 Anno
1035 4660 1120 4721 1823
1143 4653 1222 4718 datis
1245 4664 1315 4718 sunt
1337 4674 1429 4737 pree-

108 4738 208 4819 lifiittfl.
251 4743 382 4823 Habetis,
406 4744 517 4810 Dileati
538 4744 611 4809 Filii
633 4745 740 4810 Nostri
762 4764 795 4807 ae
818 4744 1008 4808 venerabiles
1031 4746 1163 4823 Fratres,
1187 4764 1259 4826 quae
1281 4744 1373 4807 Vobis
1386 4745 1427 4803 -iu

109 4831 254 4900 illtsseutiu
282 4834 471 4918 significanda
500 4854 567 4899 esse
598 4837 784 4913 censuimus,
812 4853 845 4897 ac
876 4833 965 4916 plane
987 4852 1047 4894 non
1071 4832 1255 4910 dubitamus,
1279 4833 1348 4913 quin
1371 4847 1426 4908 pro

108 4917 206 4998 vesu
226 4930 324 4986 restra
343 4924 452 5004 pietate
473 4942 509 4987 ae
531 4921 677 5007 sinemuri
699 4931 729 4986 et
758 4932 917 5007 perspecta
944 4939 1015 5003 erga
1037 4921 1102 4987 Nos
1132 4930 1161 4985 at
1189 4920 1265 4982 irene
1289 4919 1427 4980 smenon
