3330 5222
168 36 309 170 vexuor?

340 262 554 329 sacerdotalem
582 267 614 325 in
642 259 754 345 templo
783 259 1003 347 suscipiendam
1032 260 1064 322 iu
1094 260 1197 324 eadem
1234 256 1323 322 domo
1360 258 1538 322 cohabitent.

340 357 387 423 De
416 355 496 417 hisce
526 371 560 416 ac
590 353 741 429 omnibns,
769 369 844 433 qnae
866 349 1002 413 conterre
1023 358 1160 430 possunt,
1194 357 1226 411 nt
1248 348 1468 411 matrimonium
1492 348 1541 429 pia

339 462 373 507 ac
401 443 509 508 decore
540 437 723 517 celebretur,
755 448 864 503 statuta
895 448 925 500 et
953 438 1116 503 laudabiles
1147 436 1378 503 consuetudines
1400 435 1540 522 cujusque

340 534 486 598 dioecesis
510 529 638 595 fideliter
661 529 862 594 observandae
884 535 963 591 sunt.

881 832 911 911 ς.
933 832 987 896 re.

177 945 249 996 iibri
270 958 341 1009 nup·
408 938 575 1018 Perochus,
605 939 653 1000 cui
675 934 892 1018 copulationem
915 938 1058 1017 peragere
1081 935 1238 1017 competit,
1267 945 1398 1011 tenetur,
1418 936 1540 1019 ⁵matri-

105 1088 119 1111 ,
186 1017 472 1093 11111’ἔθίιιοιιίιιιιι
496 1038 678 1093 contractum
701 1046 767 1088 cum
790 1027 928 1088 omnibus
951 1044 1050 1087 rerum
1073 1024 1240 1111 adjunctis,
1264 1044 1337 1107 quae
1364 1023 1401 1086 ad
1424 1024 1539 1107 proba-

230 1092 289 1139 m
339 1121 449 1183 tionem
481 1117 669 1182 eliciendum
699 1112 867 1178 necessaria
894 1108 945 1176 vel
968 1111 1051 1177 utilia
1074 1123 1163 1192 aunt,
1194 1110 1272 1177 libro
1295 1110 1422 1196 nuptiali
1443 1132 1539 1194 paro-

337 1207 420 1271 chiae
440 1228 514 1271 suae
542 1207 665 1288 propria
694 1225 781 1267 manu
810 1203 981 1271 inscribere.
1025 1202 1175 1266 Distincte
1198 1202 1290 1285 igitur
1312 1204 1539 1284 exprimantur:

335 1297 454 1362 Nomen
477 1292 666 1379 baptismale,
694 1313 878 1376 cognomen,
908 1302 1009 1369 aetas,
1039 1289 1164 1374 religio,
1185 1291 1328 1355 habitatio
1352 1301 1382 1355 et
1405 1290 1538 1375 conditio

336 1385 511 1471 conjugumt
535 1391 673 1466 insuper,
696 1403 734 1446 an
756 1384 842 1464 prius
860 1380 925 1466 jam
946 1379 1136 1445 matrimonio
1154 1380 1252 1465 juncti
1275 1380 1406 1455 luerint3
1442 1398 1538 1464 porro

334 1495 459 1554 nomen,
488 1473 612 1555 religio,
642 1483 672 1536 et
700 1471 832 1536 conditio
861 1479 1018 1553 parentum
1046 1478 1076 1532 et
1098 1474 1234 1549 testium,
1264 1469 1348 1547 dies,
1378 1491 1451 1554 quo,
1481 1466 1538 1532 nac

335 1584 396 1629 non
424 1565 580 1635 sacerdos,
611 1579 712 1626 coram
745 1581 802 1644 quo
832 1561 1053 1624 matrimonium
1075 1561 1215 1625 inierunt.
1261 1554 1380 1639 Quodsi
1402 1557 1539 1624 dificul-

334 1661 410 1717 tetes
434 1655 627 1731 emerserint,
651 1650 776 1730 modus,
799 1668 857 1731 quo
878 1646 1012 1714 sublatae
1034 1646 1164 1728 inerint,
1186 1648 1363 1714 indicandus
1383 1650 1476 1714 venit.

877 2008 907 2089 i·
936 2009 992 2073 rr.

400 2108 516 2193 Quodsi
547 2111 694 2196 parochus
724 2113 907 2177 sacerdotem
938 2112 1093 2197 quemdam
1121 2110 1239 2193 deleget
1267 2110 1306 2175 ad
1335 2110 1538 2193 copulandum

331 2222 459 2284 sponsos
481 2206 512 2267 in
534 2201 619 2280 loco,
642 2203 692 2264 ubi
714 2210 818 2265 neuter
841 2222 943 2267 eorum
965 2200 1149 2267 domicilium
1172 2200 1275 2281 habet,
1298 2202 1442 2265 incumbit
1463 2199 1538 2283 ipal,

331 2311 395 2354 rem
418 2293 450 2355 in
472 2290 551 2356 libro
575 2288 779 2372 copulatorum
802 2293 961 2372 parochiae
990 2312 1061 2355 suaa
1090 2298 1242 2357 annotare.
1288 2289 1442 2354 Parosbus
1465 2288 1539 2369 loci,

332 2380 394 2452 ubi,
412 2383 633 2444 matrimonium
662 2378 866 2459 contrabitur,
895 2390 993 2445 actum
1023 2380 1112 2445 modo
1135 2384 1275 2461 superius
1295 2381 1434 2461 exposito
1456 2376 1539 2443 libro

332 2467 536 2555 copulatorum
559 2468 717 2552 parochiae
738 2489 810 2533 suae
832 2474 957 2553 propria
979 2490 1068 2533 manu
1091 2469 1255 2535 inscribere
1268 2478 1298 2532 et
1312 2468 1422 2532 addere
1445 2464 1539 2533 simul

331 2558 435 2638 debet,
464 2580 483 2623 a
506 2577 631 2642 quonam
654 2557 785 2639 parocho
807 2555 955 2642 delegatio
978 2577 1118 2623 concessa
1141 2560 1192 2623 sit.
1238 2559 1394 2623 Posterior
1416 2566 1538 2621 tenetur

329 2645 1399 2821 iiisitttiitibissiiiiu“tnttnittitiliiffl
1423 2647 1540 2711 Μ

571 2782 580 2816 ,
1343 2780 1352 2799 .

874 3022 904 3104 §·
928 3028 982 3090 78.

397 3123 489 3204 Casu,
512 3145 569 3209 quo
592 3126 665 3190 civis
690 3128 866 3191 Austriacua
888 3128 976 3209 petit,
1001 3139 1032 3193 ut
1053 3132 1274 3195 matrimonium
1298 3131 1335 3194 ab
1358 3150 1394 3193 eo
1416 3131 1445 3193 in
1469 3145 1529 3191 ex·

328 3217 401 3279 teris
423 3214 517 3303 terris
536 3218 643 3278 initum
668 3213 745 3278 libro
767 3214 974 3299 copulatorum
995 3220 1163 3300 parochiae,
1188 3220 1238 3284 ubi
1253 3239 1331 3284 numc
1345 3214 1531 3283 domicilium

327 3305 412 3385 ixit,
444 3307 611 3383 inseratur,
640 3303 790 3387 parochus
820 3303 957 3370 libellum
979 3306 1146 3390 supplicem
1170 3308 1260 3373 simul
1281 3327 1347 3374 cum
1370 3307 1534 3391 pmbatio-

326 3394 414 3458 nibus
441 3396 478 3460 de
510 3391 649 3478 conjugio
678 3399 735 3457 rite
764 3395 839 3458 inito
870 3392 973 3460 allatis
995 3398 1147 3481 Episcopo
1169 3408 1316 3482 proponet
1338 3415 1372 3461 ac
1395 3394 1535 3482 ejusdam

330 3484 521 3569 exspectabit
543 3484 691 3549 mandata.
1410 3500 1413 3503 “

871 3681 902 3763 §·
932 3686 986 3748 79.

166 3808 317 3874 mmm.
391 3785 434 3851 Ea
456 3789 638 3851 matrimonii
657 3786 877 3868 impedimenta,
900 3808 974 3871 quiae
992 3787 1073 3875 juris
1097 3796 1233 3855 canonici
1247 3789 1451 3858 sanctionibus
1475 3792 1541 3856 in-

166 3886 204 3934 tuo
221 3887 255 3935 un
273 3877 469 3949 immituntur,
494 3875 717 3958 dispensatione
740 3874 871 3959 legitime
893 3881 1014 3942 obtenta
1035 3888 1064 3941 et
1080 3881 1311 3960 conditionibus,
1335 3900 1408 3963 quae
1423 3880 1543 3947 forsan

165 3957 483 4052 i²⁶¹²¹¹t¹¹t¹⁵adjuncue
506 3967 577 4045 siut,
600 3963 772 4047 adimpletis
796 3985 850 4048 pro
872 3966 999 4050 singulis
1030 3978 1147 4033 cessant
1169 3971 1295 4034 casibus.
1340 3968 1374 4033 In
1397 3969 1545 4051 impedi-

164 4030 436 4119 mm¹¹¹¹⁰¹¹¹¹mentis
459 4054 670 4119 dirimentibus
691 4056 815 4137 proprio
834 4054 904 4141 jure
923 4058 1095 4139 dispensare
1118 4057 1214 4125 sollus
1228 4059 1424 4142 Apostolicae
1439 4058 1546 4128 sedin

326 4155 387 4222 est,
411 4143 459 4208 cui
481 4153 663 4208 reservatum
687 4164 818 4227 quoque,
849 4145 881 4208 in
911 4155 982 4211 uoto
1013 4150 1158 4213 castitatis
1187 4146 1336 4232 simplici,
1366 4147 1421 4212 sed
1449 4167 1547 4230 per-

324 4244 431 4316 petuo,
455 4252 510 4296 nec
533 4252 595 4296 non
618 4233 650 4295 in
673 4232 847 4316 disparitate
871 4232 966 4299 cultus
990 4238 1068 4301 inter
1082 4236 1256 4304 catholicos
1279 4247 1310 4303 et
1333 4232 1546 4307 Christianos

324 4341 383 4387 nou
407 4319 570 4387 catholicos
593 4323 850 4404 dispensationem
872 4321 1041 4407 indulgere·
1114 4402 1116 4406 ¹

857 4608 888 4691 a
910 4613 964 4676 ao.

181 4712 302 4776 impeni-
391 4706 546 4795 Episcopi,
570 4727 636 4775 cum
660 4713 818 4785 canonicae
839 4733 901 4778 non
920 4713 1061 4779 deiciant
1083 4716 1231 4797 rationes,
1253 4712 1361 4783 smiles
1379 4723 1474 4782 erunt
1505 4723 1553 4794 in

164 4787 648 4952 ἛῐῶνωζἪὲὶξιωΙιιιίὺω
670 4818 693 4939 ιι
710 4800 820 4941 daneta
840 4801 919 4868 sene
937 4805 1102 4884 coercenda,
1126 4806 1281 4891 sequentia
1303 4807 1400 4892 quoad
1420 4805 1555 4925 imp„
1638 4804 1639 4811 ’
