3402 5220
174 65 378 142 388‘2

175 363 229 430 illa
249 367 403 439 omittant,
435 383 508 449 quse
530 363 717 446 praescripto
737 383 755 428 s
777 364 844 432 llu-
874 363 912 428 cle
953 363 1143 430 absolutione
1188 369 1377 444 peccatorum
1413 363 1543 426 occurrit

175 471 267 538 irrisis
289 492 349 538 non
372 474 573 538 inveniuntur.
873 475 994 544 montio,
1018 476 1082 535 slve
1096 469 1165 536 Deo
1185 470 1324 554 prauus,
1347 487 1405 552 quo
1425 467 1542 554 qudam

241 579 404 644 Gelebrsns
419 599 463 646 sc.
486 599 548 644 non
570 599 605 644 se
617 583 706 642 vertit
728 580 759 644 in
776 577 843 660 pri-
873 577 984 642 lcctsm
1007 599 1025 641 s
1053 577 1202 642 ministris
1233 577 1452 640 confessionem
1482 595 1541 640 ex-

174 685 243 752 vtts
264 685 355 750 missa
376 687 415 751 sd
437 685 608 752 ministrum
630 686 735 750 (licens
756 685 843 751 uoit'e
873 689 997 768 cipiunt,
1021 686 1084 748 slve
1099 702 1286 772 quaecunque
1308 684 1368 746 slis
1387 691 1460 767 quse
1483 705 1542 766 po·-

168 795 297 878 ῥαίνει
319 803 349 857 et
370 792 555 860 rm‘rcrcolur
569 795 682 874 vestrm
706 814 765 858 non
789 796 843 858 in·
872 797 933 856 tius
955 797 1166 878 contraquam
1185 795 1314 873 praeter
1327 789 1464 854 rubricas
1479 790 1541 854 arl-

173 901 265 964 clinst
286 905 367 966 cruci
390 910 477 983 crput
498 909 567 983 post
582 897 717 966 osculum
738 897 843 964 altoris
872 897 935 964 ‹litn
956 898 1058 964 audies
1089 910 1140 964 ant
1162 907 1355 982 prsepostcre
1376 901 1543 964 mmnnts.

172 1017 328 1093 antequam
356 1007 395 1072 acl
425 1027 519 1074 cornu
548 1009 691 1090 epistolae
722 1007 843 1072 necerim
870 1005 952 1072 ldem
975 1011 1065 1070 ctiam
1083 1005 1230 1092 judicium
1253 1004 1407 1070 forandum
1430 1004 1468 1068 de
1486 1023 1540 1067 sa-

173 1114 213 1178 ad
233 1114 394 1198 legendum
424 1115 598 1190 introitumc
627 1134 775 1198 nunquam
790 1113 842 1180 al·
871 1113 992 1176 cerdote
1028 1121 1091 1192 est,
1130 1114 1179 1196 qui
1216 1112 1350 1176 dicturus
1388 1109 1541 1176 uastam

171 1228 316 1286 terutrsm
331 1229 445 1286 tantum
469 1240 588 1289 manum
611 1229 692 1289 tenet
710 1231 842 1303 apertam
870 1219 1024 1286 column
1040 1225 1141 1302 signat
1163 1241 1198 1284 se
1220 1228 1307 1284 antes
1328 1219 1417 1300 signo
1432 1223 1541 1296 crucis,

171 1329 220 1392 vel
239 1329 401 1404 devotatur
423 1347 484 1392 non
505 1326 687 1411 profundius
703 1331 842 1394 seincli-
872 1335 922 1390 aut
952 1329 1002 1410 qui
1030 1329 1160 1396 lecturus
1188 1323 1376 1408 evangelium
1400 1325 1538 1408 dictoque

170 1435 275 1500 netad
289 1438 510 1500 sanctissimum
525 1452 633 1502 nomen
650 1432 738 1512 «leco,
755 1455 841 1519 quom
870 1431 1023 1498 Dominus
1050 1434 1094 1496 rit
1121 1433 1156 1496 r‘n
1186 1432 1279 1496 corde
1300 1450 1363 1496 mco
1391 1434 1542 1496 osculatur

171 1542 211 1605 sd
234 1543 293 1608 alin
314 1542 453 1618 nominer
474 1543 650 1624 genuflexus
671 1543 709 1608 ad
730 1545 841 1610 t'ucor-
871 1541 979 1614 nltare‚
1012 1550 1062 1606 aut
1091 1541 1141 1623 qui
1165 1538 1236 1604 lecti
1268 1541 1415 1621 evangelli
1446 1538 1540 1604 textui

171 1651 267 1716 notus
296 1651 360 1725 ert,
390 1657 421 1710 et
449 1648 568 1730 quidem
596 1651 687 1714 unico
710 1669 792 1733 penu
813 1647 841 1728 ¹)
872 1649 1004 1712 osculum
1033 1649 1146 1712 fixurus
1175 1651 1260 1729 prius
1291 1648 1390 1710 crucis
1422 1646 1540 1728 signum

170 1773 232 1820 nou
248 1756 357 1820 iterum
378 1752 502 1818 inclinat
525 1765 613 1837 caput
634 1755 672 1820 sd
696 1757 784 1819 veria
798 1754 842 1820 ut
870 1773 960 1837 super
983 1755 1066 1818 illum
1088 1753 1239 1837 producit.

170 1863 253 1926 Ιιοηιο
281 1864 394 1944 soclus
423 1863 492 1936 ert,·
525 1882 619 1944 neque
649 1859 776 1926 caueam
802 1863 841 1926 nri
938 1860 1038 1942 Magis
1052 1860 1148 1924 adine
1171 1870 1296 1944 peccant
1309 1866 1343 1940 ii,
1368 1863 1418 1944 qui
1436 1879 1540 1926 cruces

171 1971 354 2033 offertorium
368 1965 410 2031 its
425 1969 569 2032 elerstum
585 1977 674 2046 tenet,
698 1978 730 2030 ut
745 1967 841 2051 ipsius
872 1988 963 2050 super
984 1968 1083 2031 obluta
1102 1967 1260 2033 formaturi
1274 1987 1336 2032 non
1355 1967 1429 2032 duas
1445 1965 1541 2030 lineas

171 2093 267 2158 cuppa
295 2071 401 2138 oculos
435 2074 571 2138 excedat.
624 2075 720 2157 Atque
749 2077 842 2139 multo
873 2073 906 2136 in
936 2074 1056 2140 modum
1086 2079 1184 2140 mucis
1208 2074 1385 2157 designent,
1415 2073 1467 2138 secl
1490 2071 1539 2138 vel

169 2182 383 2246 vehementiori
407 2182 497 2244 etiam
520 2185 634 2244 ntione
659 2187 737 2247 inter
752 2182 841 2245 dnm·
873 2193 997 2266 quatuor
1019 2193 1130 2264 puncta
1147 2183 1245 2264 figunt
1259 2191 1383 2256 tantum.
1406 2183 1454 2246 sel
1476 2186 1540 2244 clr-

169 2286 285 2353 nabiles
308 2287 492 2357 rubricarum
512 2289 698 2372 corruptelas
714 2289 841 2352 Romani
872 2287 954 2352 culos
977 2298 1029 2352 aut
1055 2294 1175 2374 quasvis
1204 2290 1279 2353 alias
1302 2289 1414 2372 figuras
1437 2289 1538 2371 potius

171 2395 355 2482 quorundam
394 2399 610 2460 neotericorum
651 2403 841 2478 praeceptum
873 2415 959 2478 quam
988 2395 1121 2488 vivificae
1152 2398 1248 2460 crucis
1278 2401 1365 2479 signu
1397 2397 1538 2459 varicatis

171 2501 311 2577 referunt,
337 2522 394 2586 quo
417 2501 506 2566 iidem
531 2502 648 2576 docent,
670 2501 842 2568 immedeirle
873 2503 977 2585 digitis
1001 2503 1139 2566 celeriter
1160 2503 1249 2567 nimis
1272 2512 1358 2589 atque
1381 2499 1543 2586 irregulari

172 2611 247 2673 onte
275 2613 532 2673 consecrationem
563 2610 740 2674 movendum
763 2631 842 2692 parr—
873 2619 954 2673 motu
977 2609 1097 2674 ducunt.
1133 2608 1286 2694 Arguendi
1309 2608 1450 2674 similiter
1463 2619 1541 2686 sunt,

170 2716 268 2798 lisper
290 2717 412 2780 calicem
436 2701 509 2794 eme,
532 2724 565 2780 ut
586 2735 621 2779 eo
642 2716 750 2782 melius
765 2737 841 2780 con·
872 2715 922 2808 qui
944 2717 1065 2780 calicem
1096 2722 1165 2780 unte
1193 2721 1449 2781 consecrationem
1474 2715 1542 2781 loco

171 2825 350 2888 secretionis
372 2823 463 2887 verbs
484 2823 545 2905 legi
560 2825 689 2905 possint.
730 2823 842 2887 Merito
873 2832 1012 2902 movent,
1041 2824 1088 2885 vel
1118 2827 1168 2906 qui
1192 2822 1428 2888 consecrationis
1451 2825 1543 2888 verbs

171 2946 298 3013 numque
334 2951 389 2994 suo
427 2931 519 2994 totius
552 2935 679 2994 rationis
707 2932 843 3012 poce'tum
873 2926 928 2994 tali
954 2939 1062 2996 conatu
1091 2938 1230 3014 tantoque
1264 2928 1445 3013 aspiratione
1468 2952 1542 3012 pro-

170 3040 286 3120 nepus!
309 3036 396 3101 Urbis
420 3035 571 3100 doctores.
872 3038 989 3118 lerunt,
1021 3045 1053 3102 ut
1076 3035 1115 3099 nrl
1138 3034 1258 3119 singula
1281 3046 1369 3121 caput
1393 3047 1541 3117 moveant,

172 3131 175 3138 ¹
231 3137 315 3222 Quae
326 3142 578 3208 verorubricistae
587 3141 723 3207 nonnulli
735 3141 842 3207 docent
871 3152 922 3208 sut
945 3143 994 3227 qui
1016 3144 1055 3208 sd
1076 3144 1174 3208 onata
1190 3143 1283 3208 lonor
1303 3147 1334 3208 el
1352 3139 1465 3230 plocio,
1491 3143 1542 3207 ubi

171 3249 220 3312 vel
242 3249 278 3314 de
302 3271 362 3314 uon
378 3249 504 3314 dicendo
518 3269 608 3313 versu
623 3245 730 3315 Gloria
746 3250 845 3315 Patre
873 3249 1015 3314 elevando
1043 3250 1142 3314 hostis
1171 3261 1216 3314 est
1247 3272 1310 3316 eam
1342 3247 1476 3334 gyrando
1507 3253 1538 3313 in

170 3364 241 3439 post
264 3355 412 3440 psalmum
434 3355 563 3422 Lavabo
592 3353 651 3420 nisi
680 3361 711 3419 in
742 3357 840 3420 medlo
871 3354 964 3422 altum
987 3359 1029 3422 its
1051 3379 1106 3442 per
1128 3356 1345 3422 semicirculum
1368 3359 1485 3435 tollunt,
1508 3365 1541 3420 ut

171 3460 276 3527 altaris
291 3471 341 3526 sut
355 3465 387 3526 in
401 3483 494 3528 cornu
513 3461 667 3546 epistolae,
691 3481 843 3546 nunquam
872 3485 935 3528 eam
958 3465 1069 3547 populo
1092 3464 1251 3529 videndam
1267 3465 1446 3529 exhibeant·
1472 3463 1541 3528 lle-

170 3587 243 3632 vcro
265 3571 300 3633 c'n
320 3572 375 3634 oc'u
396 3569 439 3634 od
461 3570 602 3646 medium,
624 3569 672 3634 vel
699 3567 736 3633 de
759 3571 840 3633 inci·
871 3591 927 3656 que
962 3569 1080 3636 tandem
1110 3571 1234 3636 ferenda
1266 3571 1387 3635 illorum
1420 3570 1539 3635 devotio

169 3675 281 3758 plaudo
304 3695 418 3741 canone
447 3678 486 3742 acl
509 3679 661 3741 oculorum
692 3677 839 3741 elevatio·
871 3685 927 3757 est,
951 3682 1002 3762 qui
1024 3683 1225 3762 praescriptae
1247 3700 1265 3743 ι
1287 3677 1414 3743 rubricis
1444 3679 1540 3742 bene-

171 3801 255 3856 nom,
279 3780 450 3848 nullatenus
472 3792 640 3862 servemur,
663 3788 839 3866 praesertim
870 3785 995 3850 dictioni
1016 3783 1105 3851 aliam
1127 3787 1286 3851 formulam
1308 3785 1470 3850 sufficiunt.

171 3907 239 3953 cum
267 3889 298 3954 Β.
329 3891 367 3956 R.
396 3887 432 3953 0.
457 3887 491 3975 ²)
520 3911 581 3955 non
609 3890 730 3971 minus‚‚
753 3911 839 3974 quom

170 3997 304 4061 missalis
327 3996 463 4078 rubrica,
494 4015 635 4062 canonem
663 4001 758 4078 incipi
779 4017 839 4063 non

171 4108 263 4183 sinat,
286 4108 345 4168 nisi
368 4123 433 4168 cnm
455 4105 567 4187 positis
586 4103 650 4192 jam
673 4125 765 4187 super
787 4101 840 4167 sl-

170 4201 235 4278 tare
264 4210 400 4276 munibus
433 4213 586 4276 celebrans
623 4211 769 4294 profunde
800 4215 842 4274 sit

170 4317 342 4386 inclinatus.
380 4317 521 4382 Hostium
543 4339 691 4403 nunquam
705 4319 765 4383 lert
779 4337 841 4381 ex-

171 4431 220 4489 trs
248 4423 373 4488 limitem
408 4423 574 4507 corporalis
610 4404 769 4510 oculosque
806 4427 837 4490 in

172 4531 336 4596 elevatione
365 4550 484 4614 semper
513 4535 643 4597 intentos
667 4533 756 4598 sanet
777 4539 838 4595 tam

209 4795 236 4861 ¹)
254 4796 290 4848 Er
308 4797 378 4850 coer.
397 4801 425 4852 8.
444 4799 474 4850 li.
494 4797 523 4850 G.
540 4791 586 4853 22.
603 4796 668 4862 Aug.
690 4795 766 4851 1818.

207 4879 235 4951 ⁸)
254 4885 279 4935 7.
296 4885 452 4950 septenmr
472 4886 548 4940 1811.
