3346 5216
876 324 908 406 5·
930 324 1008 390 tos.

411 445 572 531 Postquam
597 446 723 534 conjux,
747 450 795 534 qui
818 445 937 513 saeculo
958 444 1128 510 renuntiare
1149 443 1230 524 nult,
1255 443 1338 510 votis
1360 442 1544 510 selemnibus

340 554 373 598 se
397 534 581 616 obstrinxit,
604 536 692 602 alteri
714 544 794 621 parti
815 540 1007 605 instrumenti
1022 555 1080 619 ope
1095 533 1263 598 testandum
1282 543 1338 615 est,
1361 535 1545 599 matrimonii

340 624 378 687 ab
403 646 438 688 eo
461 624 560 689 valide
584 627 738 706 contracti,
762 620 834 692 sed'
861 625 969 691 ondum
993 624 1191 699 consummati
1201 620 1350 687 vinculum
1365 621 1543 688 dissolutum

341 732 424 786 esse,
448 733 502 778 neo
525 734 591 779 eum
615 717 764 798 impediri,
788 648 859 800 quil
881 714 920 781 ad
942 712 1000 791 alie
1024 714 1163 779 convolet
1184 721 1263 777 rota.

868 926 898 1007 §-
926 932 1003 993 tot.

404 1051 480 1116 Tam
510 1048 656 1115 nuilitsiis
686 1044 850 1115 declaratio
878 1068 965 1134 quem
997 1044 1156 1113 dissolutio
1179 1048 1289 1112 vinculi
1311 1045 1544 1111 matrimonialis

341 1159 394 1221 per
415 1149 486 1203 voto
508 1139 653 1204 solemnia
678 1141 780 1203 clienta
803 1143 833 1203 in
849 1137 927 1204 libro
949 1137 1076 1221 nuptiali
1098 1136 1267 1200 annotanda
1281 1144 1336 1199 est.
1382 1135 1416 1198 st
1430 1135 1543 1198 metri-

341 1233 472 1291 monium
488 1233 519 1291 in
535 1227 612 1302 loco,
636 1228 686 1292 ubi
701 1249 795 1311 neque
820 1246 951 1311 sponsus
963 1244 1062 1311 neque
1078 1245 1191 1307 sponsa
1207 1224 1389 1289 domicilium
1404 1223 1543 1303 numme,

297 1358 302 1369 ,
342 1325 525 1383 conuectum
548 1318 619 1390 tuit,
642 1319 794 1385 annotstio
817 1338 877 1383 non
900 1325 1014 1380 tantmn
1037 1314 1115 1381 libro
1137 1312 1264 1397 nuptiali
1287 1311 1464 1396 parochiae,
1489 1316 1543 1379 ubi

233 1420 236 1429 “
341 1409 562 1473 matrimonium
593 1404 789 1485 celebratum,
820 1406 872 1470 sed
902 1408 990 1472 etiem
1021 1403 1158 1488 parocbi,
1188 1404 1238 1487 qni
1260 1401 1477 1483 delegationem
1501 1402 1542 1469 sd

340 1494 455 1579 nuptiis
477 1495 679 1561 assistendum
702 1494 800 1575 dedit,
824 1498 917 1559 inseri
940 1495 1035 1561 debet.

871 1725 900 1795 l·
928 1726 1003 1793 205.

178 1833 205 1881 V·
225 1830 342 1894 Senm-
409 1829 529 1913 Absque
559 1829 711 1915 conjugali
738 1832 818 1895 sitne
849 1834 1000 1898 consortio
1027 1828 1221 1913 obligationes
1242 1849 1297 1913 per
1319 1828 1540 1892 matrimonium

177 1906 215 2022 ‘2⁰
234 1915 250 1952 ⁸
266 1902 511 1982 th⁰¹⁰contractne
533 1918 650 2002 impleri
672 1932 835 2005 nequeunt:
865 1926 960 2005 ipsum
983 1921 1075 2002 igitur
1100 1923 1132 1983 in
1155 1918 1273 1983 ossibus
1295 1924 1409 1984 tentum
1430 1935 1449 1980 s
1471 1915 1540 2000 lege

178 1985 193 2022 ⁸
227 1986 544 2072 men⁸⁸‘ccolesiastica
565 2012 684 2073 statutis
707 2018 739 2075 et
760 2014 926 2093 respective
949 2014 980 2072 in
996 2011 1093 2073 forms
1114 2008 1213 2093 alege
1229 2008 1430 2071 molestastics
1444 2016 1540 2088 prse-

339 2100 451 2179 scripta
474 2097 590 2163 solvere
613 2097 692 2161 licet.
945 2122 950 2129 ·

305 2188 311 2219 Ι

870 2315 901 2394 e.
925 2318 1001 2380 soa.

189 2417 326 2478 Semrttlo
406 2414 554 2501 Conjuges
576 2428 676 2483 mutuo
700 2437 848 2483 consensu
871 2425 949 2484 vites
969 2419 1152 2487 consortium
1173 2436 1240 2481 eum
1262 2418 1294 2479 in
1309 2417 1398 2481 inem
1419 2415 1540 2483 solvere

175 2494 479 2611 ffifflpossunt.
508 2516 538 2571 nt
566 2508 742 2589 religionem
772 2509 919 2575 sSaneta
941 2510 1019 2572 Sede
1047 2507 1239 2591 approbatam
1262 2505 1467 2590 ingrediantur
1489 2507 1540 2571 vel

337 2596 424 2659 enno
454 2593 502 2659 vel
531 2616 588 2663 uns
615 2606 729 2661 tentum
760 2616 846 2678 pars,
881 2608 945 2676 snt,
980 2606 1013 2662 ut
1042 2603 1090 2661 vir
1111 2596 1233 2669 ordines
1253 2614 1356 2661 sacros
1379 2595 1538 2679 suscipiet.

336 2684 382 2747 An
413 2694 443 2746 et
471 2687 577 2769 quibus
610 2688 665 2749 snb
694 2686 914 2751 conditionibus
943 2688 1036 2750 altera
1062 2706 1133 2769 pars
1164 2687 1196 2748 in
1219 2681 1339 2749 soeculo
1361 2703 1539 2766 permanere

340 2774 448 2855 possit,
467 2773 557 2860 juxta
580 2775 679 2858 legum
702 2774 969 2849 ecclesissticarum
992 2777 1177 2860 praescripta
1199 2772 1416 2839 decernendum
1435 2783 1492 2838 est

740 3244 743 3251 ’
868 3297 899 3376 §-
922 3298 998 3360 eor.

185 3413 320 3474 seperius
403 3387 522 3473 Quodsi
551 3395 711 3483 conjugum
743 3398 819 3463 slter
848 3398 987 3463 adulterii
1010 3405 1123 3464 crimen
1147 3400 1347 3474 commiserit,
1376 3397 1465 3463 alteri
1482 3397 1535 3483 jus
1568 3445 1583 3451 --

191 3490 319 3547 perpetue
338 3483 497 3564 competit,
526 3497 698 3568 perpetuam
730 3508 748 3551 s
776 3490 862 3553 thoro
892 3500 921 3552 ct
948 3509 1051 3552 mensa
1074 3490 1289 3573 separationem
1311 3488 1447 3571 petendi,
1477 3490 1536 3552 nisi

192 3555 317 3690 '2¹3⁸'
337 3572 440 3636 lorssn
464 3573 639 3637 adulterium
663 3579 890 3658 approbaverit,
913 3582 1085 3661 permiserit
1106 3580 1154 3643 vel
1177 3600 1231 3643 sua
1255 3575 1345 3665 culpe
1366 3577 1537 3657 adduxerit,

286 3664 292 3677 '
335 3670 386 3725 anit
416 3666 480 3747 ipse
512 3683 626 3748 qnoque
655 3664 794 3730 adulterii
821 3687 903 3730 reum
933 3689 965 3731 se
993 3667 1165 3732 reddiderit.
1224 3670 1296 3732 Jnre
1327 3688 1381 3731 suo
1411 3667 1536 3745 excidit,

336 3751 440 3836 quodsi
464 3740 551 3815 alteri
573 3760 652 3837 parti
675 3755 789 3838 turipum
813 3774 959 3839 expresse
981 3755 1028 3820 vel
1052 3759 1140 3821 tacite
1164 3758 1321 3823 condonet.

1145 3862 1158 3901 ,
1283 3864 1287 3873 .

868 4045 897 4125 S·
921 4046 997 4112 208.

204 4144 308 4209 ctum
404 4144 560 4231 ilonjnges
581 4145 619 4211 ed
642 4151 720 4209 sitae
743 4151 928 4215 sensortinm
956 4159 1077 4214 antenus
1106 4158 1221 4215 tentum
1243 4151 1431 4233 obligentur,
1454 4170 1534 4233 qna-

178 4220 427 4297 ”witterus
458 4235 490 4297 id
522 4235 635 4317 absque
667 4236 798 4315 monne,
831 4243 927 4315 vitae,
960 4241 1006 4301 vel
1040 4244 1178 4307 senitntie
1209 4242 1340 4323 periculo
1362 4245 1534 4305 continuare

173 4290 475 4409 ”Jfflffiffi'possunt-
522 4319 639 4404 Quodsi
661 4326 773 4411 conjux
795 4347 812 4388 a
836 4327 893 4390 lide
921 4327 1083 4393 christiano
1111 4328 1243 4406 deficiat,
1274 4329 1377 4412 quodsi
1404 4325 1532 4392 alterum

173 4422 452 4495 oernmeespnrtem
475 4412 512 4474 ad
536 4413 730 4478 deiectionem
754 4436 770 4477 a
794 4416 851 4479 fide
875 4415 1034 4487 catholica.
1067 4418 1104 4480 ad
1128 4422 1199 4482 vitia
1222 4420 1271 4482 vel
1292 4419 1418 4481 crimina
1441 4415 1533 4481 solii·

331 4505 412 4578 ettet,
435 4502 545 4584 quodsi
568 4501 686 4587 injuriis
709 4505 839 4567 realibus
860 4504 909 4569 vel
932 4506 1054 4571 insidiis
1074 4508 1166 4571 vitum
1190 4506 1255 4593 ejus
1272 4516 1301 4571 et
1319 4508 1476 4571 sanitatem
1499 4507 1532 4573 in

331 4588 496 4669 pericnlw
519 4590 656 4667 addocet,
679 4594 784 4674 quodsi
806 4594 833 4654 ei
850 4597 1020 4659 acerbiores
1043 4598 1134 4660 animi
1149 4598 1326 4662 sidictiones
1339 4594 1532 4680 per'longins

333 4685 451 4757 tenrptss
472 4679 608 4758 intentet,
632 4681 738 4753 etism,
762 4680 878 4763 quando
901 4683 980 4748 melo
1001 4686 1150 4766 corporali
1178 4686 1316 4750 diuturno
1338 4690 1533 4766 contegioso·

335 4783 392 4844 que
424 4761 555 4844 laboret,
586 4765 677 4831 alteri
705 4772 782 4849 pesti
814 4771 1029 4854 supplicatione
1051 4776 1208 4854 proposits
1229 4775 1451 4838 eoncedendum
1472 4782 1531 4849 est,

335 4858 371 4913 ut
390 4852 511 4918 sutoro
531 4865 564 4922 st
584 4875 686 4920 mensa
705 4866 868 4940 separetur,
893 4861 1054 4944 usqnedum
1071 4860 1228 4948 nonjugsls
1243 4870 1321 4929 ritae
1335 4864 1531 4945 ¹coessentium,
1639 4892 1640 4901 ¹
