3346 5216
226 290 368 365 oberunt,
390 309 451 355 non
475 289 563 353 modo
585 287 688 353 huus.
709 284 881 352 Gardinalis
905 284 1044 349 licetine
1064 285 1100 349 in
1121 283 1248 350 solemni
1270 285 1408 351 ordinum
1432 288 1501 352 sol-

225 395 349 477 tatione,
376 398 429 462 sed
458 405 488 459 et
515 414 601 458 saera
624 395 798 460 Dominicae
825 394 1013 457 ascensionis
1043 393 1091 455 die
1120 392 1186 475 ipso
1207 393 1329 458 Summo
1353 395 1497 459 Pontibce

226 506 424 587 universoque
446 501 677 583 Purpuratorum
701 499 837 583 Colleglc
858 507 1015 582 praesente
1037 501 1069 562 in
1087 497 1214 563 solemni
1234 519 1322 566 sacro
1344 502 1377 565 in
1398 502 1502 565 eadam

226 609 358 675 Basilica
387 610 489 672 Emus.
521 605 686 672 celebrans
716 610 807 671 tertio
837 609 925 670 etism
955 603 1021 669 loco
1047 604 1137 691 juxta
1171 607 1380 688 particularem
1415 607 1504 694 hujus

228 714 373 781 ecclesiae
388 735 483 794 cmm,
499 712 571 779 licet
586 724 692 779 contra
702 715 861 792 rubricam,
871 715 1037 790 ,msmere
1047 711 1158 776 nultr‘
1172 723 1319 796 precatur.
1343 710 1504 794 Quaeres*

229 823 309 887 tibus
339 825 426 888 nobis
455 842 533 900 „cnr
560 820 689 887 miesco
716 840 776 884 non
806 819 1000 896 observetur,
1029 838 1205 900 responsam
1235 821 1360 904 quodem
1390 820 1504 886 Romae

228 930 305 996 tuis:
328 932 377 994 ss‘c
395 933 467 1013 feri
484 927 691 1011 parts‘cnlmn’s
711 928 804 1009 bajus
825 925 991 992 Basilicas
1010 934 1119 991 usus.“

162 1037 203 1124 2)
226 1035 386 1137 iimmlis
410 1038 547 1101 rubricas
570 1044 760 1118 praeceptum
781 1042 844 1113 est,
866 1044 899 1097 ut
920 1037 952 1098 in
975 1034 1069 1098 blissa
1089 1032 1216 1098 solemni
1238 1034 1440 1099 Subdiseonua
1463 1034 1503 1098 sd

227 1142 368 1209 Sanetus
391 1164 452 1208 non
476 1144 615 1206 immotus
639 1142 670 1205 in
693 1140 784 1224 plano
797 1150 964 1219 mannent,
986 1141 1042 1203 sed
1064 1142 1101 1205 sd
1122 1139 1330 1205 celebrantem
1353 1160 1409 1204 uns
1433 1158 1502 1204 eum

229 1251 364 1316 Diacono
386 1248 545 1327 ascendat,
569 1251 720 1332 trisagion
734 1248 883 1325 dicturus3
907 1248 943 1310 de
958 1246 1107 1333 ejusmodi
1128 1268 1200 1312 vero
1215 1246 1352 1312 lsrssslis
1372 1247 1504 1312 rubricis

228 1358 298 1441 qnid
326 1357 358 1422 in
389 1376 497 1440 genere
527 1358 569 1419 sit
598 1355 776 1433 tenendum,
806 1363 869 1418 tum
898 1360 937 1418 ex
966 1353 1052 1418 Bulla
1081 1375 1106 1419 s.
1126 1355 1179 1419 Μ.
1209 1354 1257 1419 Pii
1279 1356 1314 1419 P.
1337 1353 1371 1418 P.
1395 1356 1432 1417 v.
1467 1353 1502 1438 ¹)

227 1463 292 1539 Quo
315 1466 462 1547 prinsecus,
491 1471 554 1527 tum
583 1483 622 1529 ex
644 1464 676 1525 S.
698 1463 735 1526 ts
759 1461 793 1526 (i.
824 1463 979 1544 expressis
1008 1461 1258 1526 declarationibus
1281 1458 1316 1544 ²)
1338 1461 1504 1540 dissimum

227 1573 310 1655 atqui
334 1591 393 1636 non
416 1570 505 1634 modo
528 1567 631 1635 nullus
653 1580 698 1633 est
719 1570 750 1632 in
774 1570 852 1633 Urbs
868 1568 1080 1649 Subdiuconus,
1104 1570 1154 1653 qui
1176 1589 1232 1651 per
1253 1570 1399 1633 invectam
1421 1588 1502 1652 psu-

229 1678 312 1744 latim
335 1675 579 1742 consuetudinem
602 1676 771 1760 oppositam
790 1676 965 1757 derogatum
988 1675 1057 1740 boio
1080 1676 1140 1759 legi
1162 1696 1222 1741 non
1244 1677 1412 1750 existimet,
1437 1697 1503 1741 non

142 1804 146 1811 ·
227 1786 318 1850 modo
349 1783 434 1850 nulls
462 1793 507 1847 est
530 1768 641 1846 Romae
671 1782 812 1862 ecclesia,
843 1785 875 1846 in
898 1802 953 1865 qua
975 1784 1014 1846 ed
1036 1781 1152 1848 Altaria
1175 1784 1393 1867 suppedaneum
1417 1785 1503 1848 Sub-

227 1893 371 1956 diaoonus
399 1892 438 1957 ad
460 1888 599 1953 Sanctus
628 1890 784 1967 ascendst3
813 1910 917 1954 rerum
945 1891 1033 1954 etiam
1055 1888 1186 1973 ipsorum
1208 1892 1332 1956 Petrum
1353 1894 1504 1957 senentis

223 2000 312 2064 modo
336 2007 391 2072 est,
414 1997 542 2061 rubricis
566 1998 749 2079 decretisque
770 2000 953 2062 memorium
975 2018 1061 2061 usum
1076 2000 1190 2062 serrari
1204 1998 1334 2083 legitime
1349 2018 1446 2081 posse.
1463 1996 1503 2085 ¹)

157 2115 188 2175 3.
218 2105 393 2170 Prohibitae
414 2125 433 2168 a
455 2124 480 2169 s.
501 2103 743 2187 congregatione
766 2105 886 2170 luerunt
900 2102 933 2190 ⁴)
956 2103 1098 2169 lectiones
1120 2105 1244 2169 secundi
1264 2108 1402 2171 nocturni
1424 2127 1503 2190 pro-

224 2212 312 2296 priae
334 2212 371 2275 de
394 2231 421 2274 s.
448 2208 562 2276 Ursulo
585 2231 653 2276 enan
675 2213 783 2289 sociis,
806 2230 880 2295 quae
902 2213 1151 2276 circumferuntur
1173 2215 1203 2276 in
1229 2212 1405 2296 quibusdam
1428 2234 1502 2278 mo-

223 2318 329 2384 dernis
345 2319 529 2396 Breuieriis3
552 2328 682 2383 attamen
704 2318 813 2382 vetitas
835 2318 891 2383 bas
914 2318 1057 2383 lectiones
1077 2322 1111 2384 in
1132 2318 1368 2385 multisomuinc
1382 2316 1502 2384 caten-

226 2427 319 2491 dariis
340 2427 484 2492 Romanis
506 2427 573 2507 ipso
595 2427 738 2508 probante
752 2426 913 2490 Ordinorio
936 2422 969 2508 ⁶)
991 2426 1162 2510 propositas
1177 2424 1267 2491 Clero
1289 2425 1375 2492 vides
1391 2426 1503 2491 dicen-

227 2534 280 2599 rlas
303 2535 336 2599 in
358 2533 533 2598 recitatione
555 2531 666 2611 oflicii3
689 2535 759 2616 quin
783 2532 875 2598 ullum
897 2542 1053 2598 moveatur
1074 2534 1204 2602 dubium.

163 2652 194 2709 1.
224 2642 299 2708 Tria
321 2638 415 2706 edidit
436 2642 468 2705 S.
492 2642 528 2705 ll.
553 2639 589 2705 G.
612 2640 730 2705 decmta
744 2636 773 2718 ⁶)
796 2641 899 2723 quibus
917 2639 1011 2727 justis
1034 2641 1071 2705 de
1093 2643 1268 2706 causistum
1291 2658 1377 2705 usum
1400 2638 1502 2717 albae,

228 2759 291 2814 tum
314 2747 410 2815 stolae
432 2747 584 2832 prohibuit
606 2751 637 2813 in
658 2746 842 2812 solemnibus
864 2748 1009 2831 vesperis,
1029 2756 1118 2832 atque
1140 2749 1209 2813 binc
1230 2759 1293 2821 est,
1315 2762 1370 2812 cur
1391 2747 1503 2815 nullibi

231 2857 263 2921 in
287 2857 367 2921 Urbe
395 2858 427 2921 in
455 2857 591 2939 vesperis
620 2855 811 2933 adbibestcr3
837 2857 894 2921 sed
916 2859 945 2920 si
966 2854 1122 2921 ecclesiam
1145 2858 1318 2939 primariam
1336 2857 1501 2922 Manna

228 2966 303 3028 Jcsu
321 2959 357 3047 ⁷)
378 2963 568 3046 ingrediaris,
590 2964 705 3029 ridebis
718 2962 918 3028 venerabilem
939 2961 1025 3029 illius
1039 2963 1187 3030 ecclesiae
1201 2961 1315 3028 clerum
1329 2972 1500 3029 emmaum

226 3089 372 3152 vesperas
402 3072 526 3149 mictu,
556 3068 623 3135 alba
652 3079 682 3135 et
712 3069 791 3135 stola
821 3072 878 3135 rite
905 3070 1058 3152 indutum,
1089 3092 1176 3137 secus
1199 3081 1279 3136 certe
1301 3090 1336 3137 ac
1358 3073 1499 3136 rubricse

223 3178 359 3250 fuerunts
389 3176 478 3242 sliam
508 3198 580 3241 vero
609 3179 646 3242 ab
673 3176 918 3257 immemorabili,
948 3179 1106 3263 privilegio
1134 3182 1237 3244 nesam
1262 3200 1341 3263 quo,
1369 3178 1500 3262 probata

221 3285 435 3350 consuetudine
449 3283 653 3368 neglectorum
669 3286 855 3351 decretm’unn
869 3288 1016 3351 rationem
1032 3308 1180 3371 nunquam
1204 3288 1308 3352 audies
1325 3287 1497 3355 adductam.

158 3402 189 3460 5.
220 3391 254 3458 ln
278 3390 404 3456 ecclesis
426 3390 572 3457 natiomli
595 3391 753 3458 Slavornm
778 3390 812 3478 8)
840 3404 992 3477 receptum
1016 3415 1069 3461 usn
1091 3406 1151 3470 est,
1185 3406 1218 3460 ut
1239 3403 1309 3478 post
1332 3394 1440 3460 lectam
1462 3399 1498 3463 in

224 3500 317 3565 mbsa
340 3496 470 3589 solemni
491 3497 651 3583 epistolam
675 3501 776 3567 eadem
799 3500 927 3584 epistola
949 3505 1099 3571 recitetur
1121 3524 1234 3587 quoque
1255 3503 1363 3588 tropeo
1378 3500 1499 3569 Stane-

190 3839 216 3903 ¹)
241 3840 427 3910 „dtcndcntes
444 3852 479 3892 no
496 3842 623 3895 dioninse
639 3841 762 3893 omnibns
774 3881 780 3893 .
794 3879 821 3892 ..
852 3845 1063 3914 praetoresue,
1080 3854 1123 3897 nr.
1135 3883 1156 3897 ..
1169 3847 1256 3907 mss
1273 3848 1368 3914 risen,
1385 3848 1498 3900 stomun

239 3943 275 3982 ac
298 3942 444 3998 normnns,
477 3943 549 3996 qnae
569 3942 622 3995 per
645 3932 756 3984 Htssnte
781 3932 830 3983 boc
856 3947 876 3983 n
899 3934 978 3987 Nobis
1007 3949 1080 3988 nnnc
1110 3936 1248 4005 traditur,
1279 3936 1425 3988 &cantent
1458 3952 1498 3990 ns

238 4015 356 4085 lepnnff‘
380 4025 428 4072 etc
1096 4006 1105 4020 ⁶

184 4108 212 4172 ‘J
237 4111 483 4179 ‚mansuetasse
504 4121 575 4177 psas
592 4118 657 4162 mat
675 4116 774 4163 cono-c
790 4113 901 4165 liissnte
918 4116 1082 4184 benencas,
1101 4117 1225 4168 moturae
1239 4123 1307 4168 unt
1320 4128 1372 4182 per
1392 4116 1497 4170 munseo

239 4202 281 4253 Pii
296 4202 319 4251 V.
337 4203 368 4251 in
377 4202 518 4266 principio
534 4203 622 4265 insius
637 4204 758 4255 Messores
776 4207 941 4268 inpressam
952 4212 981 4254 er
991 4206 1123 4258 dicendae
1134 4213 1199 4257 snat
1212 4212 1301 4273 portas
1320 4212 1497 4273 consptetos

238 4303 321 4357 pacm
333 4291 548 4343 consuetudines.
585 4292 660 4343 licor.
682 4294 723 4346 to.
742 4293 828 4343 Martii
848 4294 923 4346 1511.

185 4377 210 4443 ⁸)
236 4382 305 4450 „An
320 4380 490 4434 mutandas
506 4393 572 4431 usam
589 4392 686 4432 rorans
703 4385 902 4451 Ecclesiam,
927 4388 957 4436 in
975 4386 1071 4452 octone
1088 4388 1273 4440 mamone
1289 4403 1345 4441 non
1362 4387 1495 4441 secedit?

235 4470 313 4531 Resp.
337 4474 469 4522 Serum
487 4473 671 4537 cnjanmsnpase
687 4474 741 4523 loci
758 4475 927 4525 consnebsdo.
963 4476 1001 4526 12.
1015 4475 1153 4529 Novembr.
1174 4471 1240 4530 18³1
1261 4482 1288 4530 in
1307 4491 1359 4530 uns
1371 4479 1492 4531 lassor.

187 4554 215 4622 ⁴)
242 4557 286 4610 ²0.
306 4559 392 4611 sarm
412 4559 490 4614 ross.
509 4563 572 4613 ors.
592 4565 688 4612 osser.
707 4562 741 4611 ae
758 4561 906 4614 coeman.
924 4566 958 4615 aa
976 4568 1001 4617 s.

185 4645 211 4710 ⁵)
238 4646 314 4696 cont.
335 4646 441 4700 entend.
460 4651 536 4701 Dono
555 4652 673 4717 Prosus.
690 4650 764 4702 lions
784 4651 811 4701 8.
830 4651 854 4705 J.

185 4732 211 4800 ⁸)
237 4726 279 4784 13.
299 4733 352 4785 lul.
372 4737 499 4803 1115831).
517 4740 589 4803 Sept
610 4738 677 4791 tots
695 4740 744 4793 coi.
764 4742 790 4793 1.
808 4742 875 4806 sug.
898 4740 974 4795 tots.

183 4819 209 4886 ¹)
232 4821 279 4872 Dei
298 4820 372 4885 gesa

184 4909 211 4978 ⁸)
235 4912 263 4965 8.
281 4910 431 4976 Heroum

1666 796 1668 837 t

1666 905 1669 946 t

1663 1017 1669 1056 s

1662 1125 1669 1182 l

1655 1342 1670 1385 b

1655 1432 1670 1492 'a'

1654 1562 1670 1605 Ι

1652 1670 1670 1714 ii

1654 1778 1671 1823 it
