3346 5216
147 320 217 405 plus
239 321 305 385 vica
327 319 458 404 simpiiai
479 321 642 403 probarunt
664 318 762 401 legem
784 316 903 381 uirilem
929 314 976 399 ¹):
1013 318 1210 396 ‚dnoeterotn
1238 317 1429 383 consuetudo
1445 332 1509 382 nort

147 431 296 495 ammento
314 446 375 509 pro
394 426 664 539 tape'euctodttnr.
687 422 722 508 ²)
757 424 867 489 Nonne
889 424 1015 506 denique
1030 424 1198 508 Episcopus
1219 426 1252 488 in
1267 425 1391 508 proprio
1413 425 1509 487 terri·-

148 539 226 601 torio
254 536 342 619 piurn
369 537 447 598 ciros
469 535 620 611 rubricas,
651 542 797 596 annuento
820 535 941 595 tiammo
963 530 1121 604 Pontihce,
1144 531 1339 595 decernentes
1361 530 1507 609 videmus,

148 645 284 729 quamvis
314 660 559 729 εναντιοφανον
600 640 708 703 Vicera
745 639 906 702 Decretum
939 643 990 703 tt.
1021 637 1106 702 iunii
1138 645 1222 706 tour
1260 641 1345 719 ipsos
1386 639 1509 702 minime

147 749 260 817 latent
282 750 506 815 Ecclesiasticus
526 748 621 831 igitur
633 748 769 811 ruhrions
791 763 858 808 cum
880 744 1029 828 proticisci
1049 763 1089 808 ex
1110 742 1170 808 aiis
1192 746 1274 809 tonte
1297 762 1364 808 uon·
1380 744 1507 827 posdut.

147 876 232 923 snam
260 877 278 920 a
307 857 447 940 legitimo
468 856 625 937 superiore
654 873 758 918 omues
785 851 894 917 ducere
916 851 1062 933 originem
1084 871 1171 915 nemo
1193 851 1309 915 inicias
1332 854 1378 914 ire
1398 859 1507 934 potest.

147 965 182 1030 si
211 985 284 1048 orgo
312 963 502 1044 efficientem
530 980 659 1026 caucum
687 964 818 1040 spectes,
852 957 926 1021 nihil
955 959 1029 1040 ipsis
1060 959 1161 1039 deest,
1192 959 1268 1043 quod
1292 959 1330 1023 ad
1352 976 1453 1022 voram
1477 964 1509 1021 et

147 1074 268 1155 propria
290 1072 401 1136 dietum
422 1069 519 1153 legem
546 1068 781 1133 mustituendem
804 1068 982 1150 requiratur.

282 1204 314 1262 5.
360 1196 408 1259 En
421 1195 524 1276 quibis
546 1193 714 1258 stulterum
737 1201 823 1274 capnt
846 1192 949 1274 sponti
969 1190 1063 1257 veluti
1082 1210 1137 1256 sue
1158 1192 1231 1263 iioit,
1254 1190 1367 1253 nemini
1389 1209 1432 1253 so.
1449 1189 1511 1254 nisi

148 1304 199 1388 qui
219 1323 290 1367 vere
311 1303 447 1366 muntem
459 1300 508 1373 sit,
531 1301 563 1363 id
585 1320 678 1382 geum
700 1298 868 1381 regularum
885 1319 950 1363 asse
965 1297 1190 1382 praescriptum.
1236 1296 1370 1385 Namque
1387 1304 1511 1378 praeter

148 1426 234 1493 pam
258 1409 336 1493 quod
357 1408 516 1472 interiores
539 1426 574 1469 ac
595 1408 765 1489 superiores
786 1415 887 1470 mutuo
900 1424 966 1471 sese
982 1407 1135 1489 excipiant
1153 1403 1265 1481 habitu,
1287 1415 1372 1467 entra
1388 1422 1508 1468 omnem

149 1516 363 1580 dubitationem
395 1523 475 1579 certe
504 1515 632 1596 positum
664 1522 728 1590 est,
759 1515 913 1578 universos
934 1513 1048 1579 Christi
1077 1510 1181 1579 hdeies
1204 1511 1352 1576 ohannins
1373 1511 1511 1575 Romano

147 1618 390 1700 Pudiciores,
419 1623 574 1704 ipsumque
596 1619 709 1684 Christi
735 1620 879 1685 interris
903 1621 1051 1685 vicarium
1073 1620 1115 1684 ita
1139 1638 1255 1684 sueram
1278 1617 1397 1681 Rituum
1420 1615 1508 1681 Con-

147 1732 350 1812 grogntionem
378 1746 432 1792 sua
463 1746 589 1791 ornasse
617 1736 783 1808 potestate:
810 1737 843 1791 nt
871 1727 940 1792 huic
969 1726 1079 1793 selecto
1107 1729 1241 1792 virorum
1270 1726 1368 1788 coetui
1407 1742 1510 1802 „curu

146 1836 388 1902 incenderet...
413 1840 449 1900 ut
471 1837 571 1900 omm'o
582 1836 685 1898 rttcet
699 1838 782 1899 recte
800 1837 914 1913 fiuent
927 1835 1106 1902 erPatruar
1122 1833 1291 1898 traditione
1309 1828 1339 1908 ⁸)
1362 1829 1511 1913 proinde-

147 1965 203 2027 qne
231 1945 327 2027 ipsam
357 1943 434 2005 hanc
464 1942 724 2024 congregationem
753 1943 814 2005 sibi
844 1962 959 2026 quoqne
983 1942 1134 2008 subditum
1156 1940 1374 2026 quodammodo
1395 1937 1508 2002 hahere

147 2051 316 2115 universum
339 2049 456 2114 Christi
483 2068 604 2131 gregem
635 2068 674 2111 er
696 2048 852 2112 Pontificio
879 2049 1040 2115 voluntate.
1085 2051 1189 2133 Neque
1214 2056 1260 2113 est
1283 2064 1337 2111 eur
1358 2046 1397 2110 de
1418 2043 1511 2108 modo

147 2157 291 2229 dieamus,
321 2176 380 2238 quo
410 2157 580 2220 introducta
608 2154 742 2236 legitima
765 2157 982 2220 'cousuetudine
1002 2176 1123 2231 omnes,
1153 2157 1192 2221 ad
1223 2174 1296 2240 quos
1319 2151 1509 2237 pertinuerit,

147 2262 239 2328 reiuti
260 2262 373 2327 subditi
394 2265 437 2326 ita
459 2273 605 2335 tenentur,
628 2270 661 2324 ut
682 2261 741 2344 ipsi
763 2264 909 2326 contraire
932 2265 1016 2331 naias
1039 2264 1146 2328 merito
1168 2270 1297 2346 putetur.
1346 2258 1384 2325 Et
1412 2256 1511 2323 multu

107 2386 117 2419 ⁸
146 2371 236 2434 etiam
263 2372 362 2435 miurus
388 2369 582 2452 repetendum
611 2367 661 2434 hic
689 2379 750 2447 est,
788 2369 957 2435 unitorum
987 2371 1149 2436 dioooeainr
1186 2388 1252 2434 esse
1286 2387 1325 2434 ex
1354 2364 1512 2430 voluntate

146 2475 274 2542 Romani
295 2475 449 2541 Praesoiis
472 2475 624 2558 Episcopo
644 2475 824 2562 subjectam,
859 2476 1011 2562 ipsiusque
1032 2496 1135 2544 rocem
1157 2476 1302 2561 spernis
1324 2472 1513 2540 nummis

146 2601 208 2649 nou
230 2600 333 2666 posse.
358 2582 392 2668 ⁴)

280 2715 312 2775 h·
358 2703 449 2788 Quod
479 2707 516 2770 de
544 2708 643 2787 primo
673 2708 826 2772 alternore
863 2708 1032 2774 charactere
1069 2708 1281 2780 disseruimus.
1313 2704 1421 2788 quihus
1444 2712 1512 2767 tum

146 2832 237 2880 verae
256 2814 335 2898 legis
358 2811 489 2879 indolem
505 2812 642 2896 dignosci
658 2832 698 2878 ex
714 2817 862 2880 commemi
879 2826 1015 2901 certaque
1031 2817 1185 2882 doctorum
1201 2812 1349 2879 aaaron
1363 2809 1511 2886 diximus,

146 2930 210 2987 tum
225 2922 362 2987 rubricas
386 2921 540 2986 docuimus
557 2940 625 2984 esse
646 2920 810 3004 praeditas,
831 2922 864 2988 id
879 2922 973 2989 multo
995 2926 1084 2990 etiam
1106 2922 1309 2987 vehementius
1330 2920 1367 2986 de
1384 2917 1511 3002 reliquis

146 3027 224 3114 legis
245 3030 447 3094 conmitntiris
470 3037 518 3091 est
540 3027 757 3094 adfirmandum.

280 3136 318 3200 lit
339 3153 412 3198 sane
434 3137 462 3197 si
485 3152 611 3218 quaeras
634 3135 672 3198 de
689 3140 832 3218 mutoth,
856 3138 936 3203 cirea
959 3146 1211 3223 quamversantnr
1224 3131 1370 3210 rubricae,
1393 3134 1507 3207 audies,

147 3253 181 3308 nt
202 3244 241 3307 de
261 3260 319 3307 uua
341 3248 455 3306 tantum
478 3240 571 3304 eiasse
590 3241 733 3323 dieamus,
755 3244 877 3310 Statiani
899 3245 1009 3329 Papam
1032 3244 1087 3309 tihi
1105 3250 1300 3327 reponentem
1322 3242 1390 3306 ideo
1411 3240 1511 3307 tuisse

147 3368 263 3415 samam
293 3351 412 3414 Rituum
435 3347 705 3431 congregationem
734 3352 771 3414 ab
794 3350 969 3433 Apostolica
991 3352 1068 3416 Sede
1099 3352 1277 3427 institutam,
1309 3353 1369 3426 „ut
1391 3348 1513 3413 aeterra

147 3457 232 3520 rr'tua
253 3457 343 3521 runt
362 3454 465 3520 auos
479 3453 612 3521 uenam
633 3457 668 3519 tn
681 3457 819 3523 meum
836 3457 928 3523 Urna
941 3463 973 3522 et
988 3458 1079 3525 ertia
1095 3456 1251 3525 eccesia.
1261 3500 1270 3519 .
1282 3499 1309 3517 ..
1332 3452 1367 3519 r'n'
1386 3452 1512 3530 uisne,

147 3560 279 3628 uatus
306 3561 445 3642 officiis,
474 3566 738 3628 ornamentorum
766 3564 1053 3643 adortodatrotr'oue,
1084 3567 1276 3647 contortaque
1305 3560 1513 3628 addictorum

148 3669 264 3734 rutum
276 3669 504 3750 pcrtinentibus
518 3688 539 3732 o
554 3669 716 3753 qutiuaor'a
726 3674 868 3752 percomis
882 3674 1047 3760 da'la‘pcmn
1060 3673 1277 3753 coementum
1300 3671 1513 3736 conemom'oe

148 3778 181 3840 ri
208 3775 393 3843 wokocrtot
421 3779 646 3853 restituuntur,
680 3780 714 3841 st
739 3781 930 3861 deprecatae
955 3780 1079 3862 froem‘at
1106 3781 1328 3862 reforracntur,
1353 3774 1449 3841 ttiroa
1471 3772 1513 3841 de

148 3888 254 3950 nuru
277 3885 395 3951 ritchuc
423 3889 455 3948 et
483 3885 856 3967 coronamentorum
877 3886 1073 3968 Ponteitcatc,
1101 3882 1244 3962 mauu,
1273 3882 1513 3963 conanum,

144 3997 240 4072 aaut
266 4011 343 4074 opaca
368 3993 491 4072 fuerit,
520 3992 691 4073 resonuerat
721 3990 754 4076 ὅ)
787 4001 819 4061 et
847 3997 1017 4071 enandeat.
1046 3995 1157 4076 efficto
1185 3994 1295 4058 dtctnu
1322 3993 1363 4058 dc
1388 3994 1513 4058 macha

147 4188 363 4209 Q-u-r—

212 4322 237 4389 ¹)
262 4325 299 4376 iix
316 4327 377 4387 iege
392 4324 437 4374 82.
454 4324 477 4375 Ι
492 4339 514 4376 o.
537 4326 559 4376 i.
578 4326 611 4374 de
627 4326 741 4389 lembus.

204 4428 233 4498 ¹)
257 4431 333 4484 Extat
351 4438 405 4483 tum
423 4435 452 4482 tn
469 4434 555 4494 primo
574 4432 643 4485 libro
662 4434 843 4500 decretalium,
860 4438 915 4486 tun
932 4434 960 4484 in
977 4433 995 4484 t
1012 4435 1128 4497 prorutis
1152 4436 1186 4487 de
1205 4433 1400 4487 moremus
1417 4430 1511 4485 maim

255 4524 332 4587 teque
349 4520 396 4572 No.
414 4521 455 4572 lit.

205 4624 232 4692 ⁸)
254 4626 293 4678 Er
310 4628 419 4677 laudata
437 4627 525 4678 const
545 4626 611 4677 Sinti
629 4625 658 4680 Ρ.
676 4620 704 4677 Ρ.
722 4628 751 4678 V.

203 4729 230 4796 ‘i
251 4730 290 4783 ⁰0
307 4733 353 4798 ¹¹⁸,
372 4736 420 4796 au
436 4733 546 4796 muttit
563 4732 699 4787 anemos
715 4733 861 4800 rumano
877 4740 993 4805 naemu
1008 4742 1070 4792 m
1086 4734 1138 4803 (nt
1151 4739 1183 4791 m
1199 4738 1291 4792 nnus
1307 4729 1445 4802 rumai)
1462 4732 1509 4787 uo

258 4830 347 4869 sermo
364 4834 418 4872 nou
437 4826 485 4873 est.

205 4920 231 4989 ι)
252 4922 310 4975 virt
328 4925 607 4993 sequuturos
627 4928 657 4983 0.
674 4931 846 4987 tumtum.

578 5058 594 5093 N
