3400 5224
194 136 272 211 336

536 375 544 392 .
1205 331 1229 393 Β

195 444 265 499 sunt
287 440 453 501 ministros.
492 336 601 502 ldArerito
625 461 697 523 ergo
710 441 861 522 prohibita
893 434 970 497 enim
1000 435 1150 499 decretum
1185 374 1278 499 laium
1313 454 1368 516 pro
1398 431 1475 497 Urbe
1509 439 1556 495 θεὲ

61 556 65 565 “
194 543 372 607 thurificatio
389 549 419 608 in
435 543 512 608 Urbe
528 554 584 617 est,
608 548 724 631 quando
746 548 860 611 canitur
891 543 940 626 (in
962 561 1026 605 una
1045 542 1136 609 Urbis
1157 542 1200 607 nd
1223 541 1261 625 3)
1285 546 1316 604 in
1339 559 1394 623 qua
1417 537 1556 602 interdici

193 651 286 714 missa
318 654 384 715 sine
407 653 563 716 ministris.
608 653 665 717 Ast
695 665 859 737 possumne
890 651 921 711 in
944 668 1014 712 casu
1036 660 1141 715 nostro
1164 649 1411 713 thurificationem
1434 648 1555 710 omnino

192 758 264 821 iraec
280 760 378 823 omnia
399 759 556 822 transferri
571 761 609 822 ad
624 763 699 824 alias
714 762 858 825 ecclesias
890 756 997 820 debere
1028 755 1133 822 allatae
1165 776 1270 822 causae
1303 756 1400 838 utique
1427 753 1555 817 demon·

192 874 222 927 et
246 866 351 947 ubique
365 867 529 945 applicari?
552 866 612 929 Aut
632 867 858 932 intenderuntne
889 874 1003 941 strant3
1032 863 1156 928 alterum
1186 872 1282 931 autom
1298 866 1382 939 ⁴(18.
1414 859 1556 923 Decentii.

192 973 328 1035 forsitam
342 972 447 1037 ritibus
458 972 576 1036 tuendis
591 977 756 1055 praepositi
765 973 858 1039 Prin·
892 978 930 1038 17
935 972 996 1053 79)
1020 972 1121 1036 datum
1137 982 1184 1036 est
1201 971 1240 1033 ad
1253 972 1287 1034 li.
1304 954 1340 1033 ib
1358 970 1463 1031 Patres
1480 966 1554 1033 om.

194 1081 272 1159 cipes
286 1079 362 1142 banc
386 1079 631 1143 thurificationem
655 1085 685 1144 in
701 1088 766 1145 toto
786 1084 859 1146 orbe
890 1079 967 1141 Min.
991 1100 1017 1142 a.
1036 1078 1206 1145 marmari
1226 1077 1264 1141 de
1280 1075 1460 1140 disemum.
1476 1095 1554 1157 sup-

192 1186 337 1252 cctlrolico
358 1206 413 1267 per
430 1189 490 1250 lata
505 1207 523 1248 a
538 1207 572 1250 se
588 1187 704 1250 decreta
720 1186 858 1254 absolute
887 1189 1063 1271 poniturque
1109 1197 1174 1250 tota
1217 1181 1361 1266 religiosa
1409 1180 1556 1246 laicorum

193 1291 387 1355 interdicere?
420 1294 609 1358 Satisiaetum
633 1294 701 1356 lino
724 1302 856 1378 quaesito
887 1293 1130 1381 sacerdotumque
1153 1289 1267 1357 iamiiia
1292 1291 1325 1353 in
1346 1291 1435 1354 ebore
1456 1307 1557 1372 proe-

192 1407 237 1461 est
258 1399 290 1460 iu
312 1400 618 1466 animadversionibus
639 1403 688 1464 iric
704 1423 720 1464 o
735 1408 856 1485 regione
886 1421 969 1465 cene.
1015 1400 1073 1464 Sed
1110 1401 1181 1487 quid
1208 1400 1279 1462 baec
1303 1417 1456 1461 commune
1486 1415 1554 1458 cum

192 1506 301 1587 positis
325 1507 379 1571 sub
404 1509 458 1572 No.
484 1515 537 1574 21.
887 1508 1001 1571 nostris
1029 1506 1249 1589 parochialibus
1279 1505 1413 1569 eeclesiis
1437 1505 1554 1576 babeat,

887 1616 917 1677 in
941 1614 1046 1699 quibus
1070 1623 1102 1678 ut
1123 1596 1284 1695 plurimum
1306 1610 1388 1677 solus
1404 1607 1557 1694 paroebus

886 1721 990 1801 adast,
1028 1723 1076 1807 qui
1106 1722 1232 1803 proinde
1263 1725 1294 1783 in
1325 1718 1555 1799 tbum’ficait’one

886 1827 1015 1892 medium
1038 1826 1112 1892 illud
1135 1833 1221 1892 unice
1244 1827 1375 1911 reperit,
1404 1846 1461 1913 quo
1484 1820 1553 1888 cle-

885 1955 954 2007 vare
986 1933 1206 1999 solemnitatem
1243 1935 1390 2021 aliquibus
1434 1929 1554 1999 solam-

885 2041 1020 2107 nioribus
1037 2044 1141 2107 diebus
1151 2039 1445 2126 potestiideliumque
1455 2042 1554 2103 sctis-

885 2146 983 2211 iacere
1016 2150 1192 2214 devotioni?
1227 2150 1275 2212 Da
1304 2147 1365 2227 tili,
1396 2166 1458 2210 non
1485 2145 1551 2233 jam

886 2255 983 2320 dicam
1005 2256 1197 2339 spectabilem
1221 2255 1310 2320 Urbis
1333 2256 1461 2333 clerum,
1491 2272 1552 2317 non

885 2371 978 2426 totam
1000 2361 1171 2447 religiosam
1193 2361 1357 2440 fanniam,
1384 2364 1438 2427 sed
1467 2364 1551 2428 solos

885 2468 962 2532 duos
985 2475 1142 2535 ministms
1165 2489 1279 2549 sacros,
1302 2477 1331 2531 et
1354 2482 1492 2535 securum
1523 2478 1552 2533 te

885 2595 952 2639 ease
970 2576 1079 2663 jubeo,
1102 2581 1200 2661 ipsum
1223 2596 1283 2640 non
1306 2595 1375 2639 esse
1398 2597 1478 2649 oum,
1502 2579 1555 2664 qui

885 2681 1028 2764 neglectis
1044 2685 1191 2748 ministris
1214 2683 1310 2748 sacris
1328 2681 1496 2749 thurificare
1520 2683 1553 2746 in

884 2793 980 2854 missa
1002 2800 1182 2872 praesumat.
1263 2856 1266 2862 ,

257 3009 310 3069 22.
326 3000 396 3067 utic
409 3013 562 3084 praetcrea
573 3005 697 3065 minoris
713 3005 855 3066 momenti
945 3009 996 3070 22,
1013 3004 1061 3068 lla
1074 3003 1113 3067 iis
1126 2982 1357 3088 quaedispuiata
1368 3000 1549 3066 inLatinum

190 3108 313 3174 dicenda
351 3118 421 3173 sunt
450 3111 528 3173 circa
556 3111 795 3174 formationem
823 3114 854 3173 in
885 3109 1101 3174 incensationis
1123 3109 1344 3189 murrhatos,
1368 3108 1457 3175 iaelld
1479 3104 1553 3174 coi-

190 3215 335 3279 Romanis
352 3217 496 3296 ecclesiis,
513 3225 597 3301 atque
613 3215 668 3289 lroe
683 3215 854 3301 imprimis·
887 3212 973 3298 liges,
994 3238 1134 3302 quaenam
1155 3223 1188 3281 in
1201 3218 1377 3301 particulari
1392 3221 1453 3280 sint
1469 3216 1552 3285 illius

190 3320 349 3386 observatu
379 3323 519 3403 dignumt
548 3324 702 3387 Diaconos
733 3332 855 3406 accepts
884 3334 1028 3387 anostra
1057 3324 1293 3407 discrepantiae,
1321 3328 1407 3408 atque
1430 3341 1553 3387 causam

189 3427 226 3493 de
248 3449 337 3494 manu
359 3429 490 3494 ministri
504 3434 618 3494 incensi
640 3433 785 3495 navicella
800 3451 854 3494 seu
885 3435 974 3493 etiam
1003 3432 1092 3495 simul
1120 3433 1308 3519 assequeris,
1338 3448 1394 3513 qua
1423 3428 1552 3499 Romani

189 3535 324 3600 navicula
354 3555 415 3601 noo
445 3535 540 3601 solum
571 3548 639 3601 ante
667 3537 763 3602 ibonis
792 3544 854 3601 im-
885 3536 1088 3602 morenturad
1103 3535 1317 3625 sejungendam
1332 3532 1408 3600 adeo
1422 3555 1554 3618 scrupu-

189 3645 370 3723 positionem
392 3643 555 3709 cochlearis
570 3645 756 3710 manubrium
773 3644 854 3710 cele·
885 3647 958 3708 lose⁴
976 3647 1013 3709 ab
1031 3645 1181 3733 ⁵orientali
1211 3643 1425 3711 occidentalem
1449 3642 1552 3706 tburi-

190 3750 361 3835 brantisque
395 3749 548 3816 dexteram
586 3748 760 3824 osculatur,
800 3752 853 3816 sed
885 3750 1061 3821 dandonem.
1107 3753 1174 3817 llos
1197 3772 1268 3834 ergo
1292 3755 1397 3816 missis
1420 3747 1553 3833 singuiis

190 3852 278 3921 otiam
299 3859 401 3921 eadem
417 3859 476 3923 duo
492 3858 593 3922 oscula
609 3859 754 3941 imposito
770 3857 856 3924 tiore
887 3863 1117 3941 comparationis
1151 3859 1299 3942 capitibus
1334 3858 1372 3921 ad
1401 3855 1461 3919 alia
1484 3854 1553 3941 jam

189 3968 310 4046 repetit,
334 3964 389 4029 scd
412 3964 516 4030 ordine
530 3965 673 4044 inverso,
701 3966 788 4049 prius
811 3985 853 4031 sc.
886 3964 1097 4049 progredimur
1126 3962 1318 4047 exponenda,
1355 3984 1427 4047 quae
1461 3962 1553 4046 paulo

189 4070 342 4135 dexteram
358 4070 546 4150 celebrantis,
562 4072 668 4136 deinde
682 4096 754 4138 vero
768 4093 855 4139 sum·
886 4073 1097 4138 accuratiorem
1120 4091 1219 4137 curam
1242 4072 1302 4135 sibi
1323 4069 1481 4135 vindicant.
1556 4152 1561 4163 ι

189 4177 320 4242 mitatem
350 4179 498 4245 manubrii
537 4177 714 4245 cochlearis.
771 4176 856 4262 Quae

188 4282 291 4351 oscula
305 4305 425 4368 semper
447 4287 476 4349 et
498 4305 515 4348 a
531 4306 702 4373 quocunque
716 4292 855 4352 ministro

188 4403 259 4458 snat
276 4394 390 4474 danda,
414 4395 518 4477 priora
536 4394 607 4470 duo,
631 4396 749 4481 quando
772 4396 855 4458 cele-

189 4490 288 4564 branti
311 4498 424 4585 aliquid
445 4505 617 4585 porrigitur,
641 4502 705 4565 sive
730 4503 854 4565 biretum

36 4595 39 4599 ’
110 4695 113 4701 1
190 4602 269 4667 illud
291 4610 347 4683 sit,
372 4612 436 4671 siva
458 4607 656 4686 thuribulum,
678 4610 741 4671 sive
764 4608 854 4691 calix,

189 4708 254 4770 sire
284 4728 473 4797 quaecunque
503 4711 563 4777 alia
590 4732 657 4790 res3
688 4713 856 4796 posteriora

189 4828 261 4873 raro
282 4812 351 4893 dno,
374 4818 489 4899 quando
512 4817 550 4882 dc
565 4816 744 4885 celebrantis
765 4840 856 4888 manu

196 4913 303 4997 aliquid
323 4919 464 4986 mimator
482 4922 604 5008 accipit.
