3346 5216
386 339 513 418 primum
536 342 587 397 aut
609 333 789 395 notorietate
811 327 882 392 iacti
912 335 962 391 aut
988 324 1263 391 denuntiationlbus
1285 321 1382 389 aliove
1404 324 1494 390 modo
1514 325 1586 390 sui-

386 427 487 491 lciens
509 420 681 505 suppeditet
704 438 804 484 cause.

917 524 946 604 §-
969 527 1044 588 aas.

451 639 529 702 Tum
560 632 677 717 quando
709 629 930 694 matrimonium
960 630 998 692 ab
1028 650 1079 706 eo,
1106 629 1153 692 euri
1183 628 1220 693 de
1239 625 1309 713 jure
1331 646 1507 691 concessum
1529 637 1585 703 est,

386 726 555 801 adcusatur,
578 732 640 786 tum
663 720 780 805 quando
804 718 956 802 inquisitio
979 737 1017 782 cx
1039 718 1138 783 sileio
1161 717 1344 794 instituitur,
1367 713 1585 780 matrimoniale

385 813 515 879 tribuual
538 831 686 895 nunquam
708 830 769 875 nou
784 818 914 881 tenetur,
939 817 1054 887 cuncta,
1078 828 1150 890 quae
1165 807 1284 870 veritati
1306 806 1435 887 periente
1453 806 1586 870 investi-

258 910 263 919 '
384 902 502 987 gandae
526 901 820 982 inservirepossunt,
845 916 883 961 ex
906 897 1006 961 oillcio
1029 897 1167 961 ordinare
1189 905 1218 958 et
1240 895 1409 960 executioni
1430 895 1584 960 mandare.

918 1093 950 1175 s.
976 1098 1051 1160 rau.
1118 1064 1122 1071 ⁴

233 1205 367 1258 nerenaor
450 1202 592 1288 cojusvis
615 1212 662 1267 eat
684 1202 845 1283 Episcopi.
876 1199 973 1263 virum
995 1199 1106 1282 pietate
1137 1207 1167 1263 et
1185 1197 1265 1284 juris
1287 1199 1409 1262 scientia
1431 1201 1584 1279 insignem

221 1281 414 1358 ¹¹¹⁸“¹¹¹¹⁰¹¹¹¹et
437 1294 554 1377 quidem
578 1311 616 1356 ex
639 1291 857 1365 ecclesiastico,
880 1293 908 1353 sl
931 1290 995 1353 leri
1016 1298 1133 1372 potest,
1157 1299 1244 1352 coetu
1266 1292 1449 1351 matrimonii
1472 1287 1583 1351 deien-

221 1353 249 1398 ἰ
267 1351 480 1447 ⁰b¹¹⁸⁸'sorem
505 1382 689 1445 cunstitu'ere
712 1390 742 1443 et
758 1378 876 1462 quando
899 1382 927 1440 is
950 1396 1071 1441 munere
1092 1399 1149 1443 suo
1164 1377 1252 1461 iungi
1267 1378 1463 1461 impediatur,
1484 1381 1583 1441 ilium

220 1422 705 1543 rffffiieff-nscessariia‘dotlbus
727 1472 903 1533 instructum
925 1468 965 1530 ad
987 1466 1053 1551 ejus
1069 1463 1169 1533 locum
1192 1466 1350 1533 tenendum
1373 1470 1537 1530 nominare.

281 1568 331 1615 iet.

911 1682 942 1763 §-
970 1686 1042 1749 ιιι.

447 1789 598 1854 Defensor
627 1787 810 1853 matrimonii
840 1798 869 1851 et
898 1789 930 1851 iu
959 1793 1092 1853 muneris
1121 1792 1259 1870 ingressu
1281 1798 1311 1853 et
1333 1792 1450 1872 quoties
1472 1789 1582 1855 metri·

380 1880 474 1943 monii
497 1876 650 1963 quusdem
673 1875 805 1942 valorem
821 1877 963 1941 tuendum
982 1882 1126 1963 suscipit,
1144 1877 1248 1964 jurare
1269 1887 1396 1957 teuetm
1419 1897 1454 1942 se
1468 1881 1583 1957 omnis,

380 1988 454 2051 quae
477 1968 515 2031 ud
537 1967 722 2030 matrimonii
752 1967 902 2030 vinculum
926 1966 1103 2031 servendum
1124 1966 1224 2032 iecere
1246 1975 1387 2049 possunt,
1419 1964 1582 2048 diligenter

380 2058 604 2138 exploraturum
628 2066 657 2118 et
679 2056 717 2120 acl
743 2056 840 2139 ipsum
863 2056 1002 2119 tuendum
1026 2054 1154 2121 fideliter
1176 2054 1374 2120 adhibiturum
1397 2055 1471 2120 iore.
1503 2056 1581 2120 'rru-

379 2143 497 2208 bunalis
526 2143 754 2208 matrimonialis
790 2166 825 2208 es
854 2144 891 2208 de
925 2166 959 2208 re
995 2147 1182 2210 sessionibus
1210 2145 1337 2208 intersit.
1390 2144 1439 2209 Au
1475 2152 1581 2227 partes

380 2232 554 2312 audientias,
582 2233 620 2297 ecl
652 2238 774 2297 testium
806 2234 1010 2316 depositiones
1041 2234 1236 2316 excipiendas
1271 2243 1301 2297 et
1334 2236 1365 2297 in
1402 2251 1511 2316 genem
1541 2233 1580 2298 acl
1650 2300 1652 2303 .

380 2341 485 2387 omues
508 2329 592 2384 actus
611 2320 772 2406 judiciales
804 2328 910 2407 citetur
938 2332 1067 2406 oportet.
1113 2320 1223 2404 Quivis
1245 2332 1328 2387 actus
1346 2320 1517 2407 judicialis,
1548 2323 1581 2385 in

381 2433 438 2495 quo
461 2421 512 2475 ant
535 2412 602 2492 ipse
622 2422 688 2485 aut,
719 2431 805 2494 quem
827 2412 993 2494 Episcopus
1016 2411 1053 2476 ad
1082 2412 1149 2499 ejus
1172 2414 1271 2477 locum
1295 2410 1462 2477 tenendum·
1477 2411 1581 2476 nomi-

380 2502 504 2580 neverit,
527 2519 668 2581 praesens
689 2501 768 2565 laud
790 2500 889 2575 luerit,
913 2521 969 2584 que
992 2500 1141 2593 inualidus
1164 2511 1193 2566 et
1207 2501 1311 2566 irritus
1333 2499 1502 2565 censendus
1525 2508 1580 2564 est.

911 2787 942 2868 §·
969 2792 1043 2855 tto.

236 2893 370 2954 Quomodo
452 2892 638 2956 Matrimonii
664 2889 797 2955 valorem
827 2894 1007 2975 impugnans
1040 2896 1272 2971 sumnonem,
1309 2895 1471 2975 respective
1500 2894 1584 2975 petl-

232 2966 367 3085 J¹¹¹¹¹¹m¹⁸
386 2982 514 3059 tionem,
546 2989 579 3044 ut
600 2979 722 3044 nullitas
743 2983 962 3063 pronuntiatur,
994 2992 1044 3047 aut
1072 2983 1186 3065 scripto
1208 3000 1380 3063 expressam
1404 2982 1511 3045 mene
1532 2991 1584 3046 aut

221 3047 417 3172 „fffioin
442 3079 525 3151 gesta
546 3069 709 3154 redigenda
730 3072 797 3134 viva
817 3089 891 3133 uoce
906 3070 1046 3135 exhibere
1060 3081 1172 3154 potest.
1207 3070 1307 3150 Facta,
1331 3072 1437 3155 quibus
1452 3072 1582 3135 emutio

222 3178 293 3239 apuu
308 3156 533 3239 jour-nullitetls
556 3163 783 3241 superstruitur,
807 3158 948 3223 distincte
970 3179 1005 3224 ac
1024 3162 1110 3243 plene
1125 3159 1320 3242 proponenda
1335 3171 1365 3224 et
1378 3159 1579 3244 probationes,

231 3261 372 3381 {conpara
386 3267 457 3331 quaa
479 3256 601 3331 praesto
623 3248 682 3311 eibi
703 3267 769 3313 esse
791 3257 933 3330 autumat,
957 3249 1132 3314 indicandae
1154 3259 1234 3314 suunt.

918 3447 948 3529 ς.
977 3450 1050 3514 127.

447 3547 513 3632 Qui
534 3550 754 3617 matrimonium
770 3551 885 3634 scripto
901 3550 1037 3634 porrecto
1048 3562 1177 3634 accunt,
1199 3573 1300 3618 coram
1315 3549 1459 3619 tribunali
1473 3556 1586 3616 metri-

385 3638 509 3705 moniali
529 3649 580 3703 aut
601 3639 666 3727 ejus
687 3644 897 3705 commissario
919 3642 1118 3723 personaliter
1147 3663 1182 3707 sc
1204 3648 1312 3707 stetere
1334 3653 1421 3726 atque
1444 3641 1481 3706 (le
1504 3644 1586 3704 scitu

384 3731 564 3794 necessariis
584 3731 767 3815 respondere
789 3729 896 3802 debete
923 3727 997 3793 alias
1027 3733 1179 3795 accusatio
1201 3732 1239 3795 ab
1262 3752 1298 3796 eo
1320 3732 1398 3796 iacta
1422 3750 1480 3815 que
1501 3748 1585 3793 mma

385 3817 571 3883 denuntiatio
594 3818 812 3886 cornuorum
834 3827 864 3882 ct
886 3819 1041 3903 tractantis
1062 3825 1131 3883 erit.
1247 3872 1252 3879 .

258 3940 350 3995 Ιοᾱιιι
911 3926 942 4008 §.
971 3932 1047 3995 128·

232 4021 375 4139 ffi-
454 4032 702 4096 Denuntlationes
729 4042 868 4099 oretenus
898 4032 994 4097 lactea
1026 4034 1058 4097 in
1087 4040 1153 4097 actu
1181 4030 1372 4113 redigentem
1392 4031 1440 4094 ‘si
1468 4016 1587 4113 scripto

233 4130 603 4211 Ιιιιιηωηο,ιιιιηιιιιιιιιιιιιι,
627 4122 789 4186 curandum
812 4132 867 4200 est,
890 4130 922 4186 ut
935 4133 1023 4187 autor
1035 4122 1237 4205 personaliter
1251 4125 1446 4185 examinetur.
1470 4120 1589 4185 Omnes

224 4209 425 4281 nasum-ad
454 4230 521 4274 eum
551 4212 718 4293 ᾱῐῆςιιιιιι
746 4215 1012 4292 interrogationes,
1043 4231 1117 4295 quae
1145 4211 1183 4275 sel
1216 4211 1418 4299 quaesissem
1446 4209 1519 4276 lecti
1550 4211 1587 4271 in

242 4299 367 4430 m·
386 4299 495 4362 claram
520 4297 616 4364 lucem
638 4298 847 4367 uindicandam
864 4301 1051 4367 munionem
1071 4309 1209 4385 possunt

105 4492 111 4509 ,
224 4441 387 4494 munsiac-

278 4516 329 4564 ιιι.
916 4497 946 4578 ς.
972 4502 1045 4564 129.

453 4601 700 4667 Denuntiatioues
730 4605 845 4683 scripto
874 4602 1042 4683 exhibitae,
1081 4623 1203 4687 quarum
1234 4610 1355 4667 autores
1382 4597 1589 4684 personaliter

387 4690 553 4754 examinari
581 4699 744 4774 nequeunt,
774 4692 830 4753 sub
859 4692 1058 4774 peculiaribus
1086 4700 1200 4756 tantum
1227 4710 1327 4757 rerum
1354 4690 1503 4777 adjunctis
1526 4710 1588 4773 pro

387 4775 546 4841 suffimenti
568 4796 728 4862 processus
745 4778 919 4845 instituendi
942 4800 1034 4844 causa
1048 4779 1152 4845 huleri
1166 4792 1305 4864 possum.
1320 4778 1587 4864 ‘Depositlenibus

386 4870 485 4924 temen
514 4869 545 4927 ln
571 4871 610 4930 iis
639 4869 787 4932 contentis
813 4888 870 4951 pro
899 4890 933 4933 re
963 4878 1031 4943 nata
1054 4868 1194 4937 utendum
1217 4879 1264 4935 est
1285 4871 1325 4935 ari
1346 4868 1507 4936 ulteriores
1530 4871 1587 4930 in-

387 4953 599 5032 vestigationes
621 4954 828 5023 instituendas.
