3346 5216
188 144 269 224 cit

889 316 921 386 l·
947 323 1020 386 its.

193 429 343 494 Conium
421 424 600 507 moieno,
624 440 710 509 quam
733 423 877 511 conjuges
897 423 929 488 in
952 429 1019 507 ipsu
1041 425 1232 509 inquisitione
1247 425 1375 503 iaciunt,
1398 433 1448 489 aut
1462 433 1551 509 ante

191 501 331 554 ⁰⁰¹¹⁰⁸⁸¹⁰⁴
352 519 430 580 riori
452 525 604 598 tempore,
626 523 756 578 attamen
779 524 847 596 post
869 515 1104 594 matrimonium,
1140 513 1217 598 quod
1240 524 1405 594 accusatur,
1422 513 1551 603 jamjam

352 613 535 669 contractum
550 605 694 682 iecerunt,
718 608 748 667 in
763 612 903 686 quantum
918 602 1065 668 adversus
1080 605 1264 667 matrimonii
1279 601 1410 668 valorem
1425 614 1551 689 pugnat,

351 695 431 757 omni
455 696 485 756 ci
507 701 597 756 caret.
644 692 819 771 Ooniessio,
842 710 927 776 quam
950 688 1112 777 conjuges,
1147 700 1303 776 antequam
1325 695 1551 758 matrimonium

351 790 521 847 accusatum
538 790 762 862 contraxerant,
786 781 988 864 deposuerunt
1003 779 1235 864 quantillitatem
1257 782 1404 864 probandi
1419 782 1551 847 medium

351 869 514 958 rejicienda
535 871 615 935 laud
635 878 691 934 est.
1193 894 1197 903 ’

416 1050 577 1148 Oouiassio
599 1080 786 1168 conjugum,
813 975 901 1165 quae⁸
919 980 1186 1164 plolomatrimuaii
1206 1082 1308 1167 valore
1330 1046 1455 1156 militat,
1487 1085 1549 1149 vira

231 1250 234 1259 Ι
351 1172 499 1255 probandi
528 1177 560 1236 in
588 1172 627 1236 iis
653 1173 741 1235 habet
768 1171 904 1249 ossibus,
933 1173 964 1234 in
992 1167 1099 1254 quibus
1121 1167 1297 1254 conjugibus
1319 1171 1481 1237 adcusandi
1499 1171 1552 1258 jus

256 1336 259 1345 Ι
350 1265 497 1344 privative
518 1268 697 1325 reservatur.
744 1258 828 1323 Alias
850 1263 1100 1358 praesumtionem
1123 1268 1236 1323 tautum
1257 1269 1387 1340 generet.

881 1456 908 1524 l.
936 1461 1010 1521 150.

418 1556 509 1639 Quod
530 1557 675 1646 conjuges
697 1567 748 1627 aut
767 1561 955 1626 aiterecrnm
970 1560 1049 1624 laud
1064 1570 1260 1642 compareant,
1283 1564 1424 1628 adventu
1438 1566 1552 1631 matri-

351 1655 445 1719 monii
466 1648 598 1715 valorem
620 1650 696 1713 nilrii
717 1651 844 1730 probare
866 1658 980 1733 potest:
1015 1651 1092 1715 uude
1114 1670 1150 1714 eo
1173 1650 1320 1732 probandi
1341 1672 1418 1733 onus
1438 1658 1551 1719 matri-

352 1737 483 1805 monium
506 1744 657 1804 accusanti
679 1740 853 1832 incumbens
877 1738 1002 1803 diminui
1024 1738 1103 1807 innud
1123 1738 1221 1803 debet.

885 1846 914 1914 l·
941 1850 1031 1912 ini..

219 1954 321 2008 rum.
419 1951 465 2014 De
486 1950 612 2015 teodone
635 1947 827 2015 admittendis
849 1949 897 2014 vel
920 1950 1107 2033 respuendis,
1130 1952 1168 2016 de
1186 1951 1246 2016 iide
1266 1951 1339 2035 ipsis
1361 1951 1497 2016 habands
1519 1962 1552 2018 et

349 2041 578 2121 exceptionibus
602 2040 713 2104 eisdem
735 2040 882 2122 oppositis
904 2042 1034 2105 tribunal
1048 2037 1269 2105 matrimoniale
1286 2042 1376 2129 Juxta
1390 2044 1551 2125 generales

344 2128 426 2214 juris
455 2133 592 2193 canonici
619 2146 739 2193 normas
770 2139 799 2193 et
828 2127 1012 2214 peculiares,
1046 2149 1120 2215 quos
1143 2129 1256 2213 negotii
1279 2140 1386 2197 natura
1406 2130 1551 2214 postulat,

348 2224 504 2300 respectus
526 2218 559 2281 in
580 2219 706 2300 singuiis
727 2219 847 2283 casibus
866 2218 1024 2305 judicabit.

865 2415 895 2486 t.
921 2416 995 2482 ma.
1070 2484 1074 2506 ,
1180 2444 1183 2451 ·

189 2522 343 2573 l’mlitret
418 2520 452 2584 st
475 2517 586 2608 conjux
608 2521 829 2588 matrimonium
850 2541 995 2586 accusans
1017 2529 1121 2586 contra
1142 2528 1265 2598 testem,
1295 2525 1345 2605 qui
1376 2530 1552 2604 suspectus,

190 2595 442 2715 “afflffimmo
464 2619 494 2673 et
509 2610 676 2692 respective
698 2609 841 2676 inhabilis
862 2610 1030 2674 censendus
1045 2621 1106 2684 est,
1127 2615 1338 2692 exceptionem
1352 2608 1431 2675 lraud
1445 2610 1551 2692 iaciat,

188 2739 241 2786 m
258 2747 339 2797 pm,
351 2699 418 2781 ipse
439 2699 477 2762 ad
500 2701 705 2766 testimonium
724 2720 781 2784 pro
797 2701 988 2765 matrimonio
999 2700 1155 2764 serendum
1169 2698 1287 2763 admitti
1301 2707 1410 2782 potest.
1432 2701 1551 2766 Verum

188 2788 430 2872 ampoenepuod
452 2788 595 2876 conjuges
617 2797 720 2857 contra
742 2799 852 2855 testem
874 2788 1001 2874 aliquem
1022 2789 1103 2857 leand
1118 2789 1281 2871 excipiant,
1302 2787 1449 2855 radonm
1463 2808 1551 2854 nrm-

216 2908 221 2917 ·
347 2896 434 2961 quam
463 2878 648 2960 suppeditat,
680 2879 898 2961 depositionem
926 2879 993 2965 ejus
1024 2887 1130 2944 contu
1156 2883 1378 2969 matrimonium
1400 2878 1569 2959 onena,

346 2986 403 3050 pro
425 2965 483 3035 too
505 2968 599 3051 digna
619 2969 796 3050 aecipiendi.

885 3166 914 3234 l·
942 3169 1015 3231 iot.

216 3344 218 3349 ,
408 3266 604 3347 innuens,
635 3289 709 3353 quae
738 3271 990 3353 praesumtionem
1017 3252 1160 3341 landant,
1190 3278 1297 3333 testem
1324 3289 1382 3352 pro
1413 3288 1470 3333 uno
1490 3276 1543 3330 aut

346 3366 451 3421 eontra
471 3375 561 3422 unum
585 3359 746 3445 conjugum
768 3362 895 3442 partium
917 3359 1016 3424 studio
1038 3362 1104 3440 agi,
1128 3378 1180 3422 eae
1202 3367 1316 3422 tantum
1339 3356 1544 3440 depositiones

346 3448 661 3623 memmi,
685 3468 758 3534 pune
780 3451 810 3513 in
835 3448 1024 3593 commodum
1044 3447 1092 3512 vei
1106 3447 1137 3512 in
1152 3446 1365 3534 praejudicium
1379 3449 1545 3579 respectivi

884 3642 913 3727 S.
941 3650 1011 3712 154.

413 3751 445 3817 Si
468 3756 557 3824 testis
580 3752 618 3816 ad
634 3761 787 3835 utrumque
804 3750 960 3838 conjugem
976 3749 1052 3816 telas
1067 3749 1157 3816 habet
1171 3752 1339 3831 relationes,
1361 3771 1435 3839 quoe
1450 3770 1547 3831 prae-

346 3842 525 3906 sumtionem
548 3847 678 3925 partium
701 3842 795 3906 studii
816 3843 920 3906 eodem
943 3842 1006 3905 iere
1028 3841 1123 3923 gradu
1136 3851 1292 3923 generant,
1313 3839 1473 3905 relationes
1486 3838 1547 3907 uae

347 3951 401 4015 per
428 3951 462 3994 se
492 3941 607 3995 sumine
638 3931 717 3995 laud
747 3929 914 4011 sufficiunt,
947 3939 978 3994 ut
1008 3930 1172 4014 depositio,
1201 3951 1275 4015 quae
1297 3932 1329 3996 in
1353 3928 1545 3994 commodum

275 4033 277 4037 ’
348 4025 449 4093 unius,
476 4021 531 4085 sed
559 4021 590 4085 in
618 4020 833 4106 praejudicium
863 4022 988 4087 alterius
1018 4019 1156 4106 conjugis
1185 4020 1280 4095 cedit,
1320 4040 1374 4104 qua
1404 4028 1548 4103 suspecta

345 4110 498 4174 habeatur.

964 4182 987 4224 a

408 4393 632 4476 consanguinei
655 4391 813 4479 conjugum
837 4290 1049 4458 allatiidnsoniu
1072 4416 1129 4477 pro
1152 4393 1341 4459 matrimonio
1362 4380 1415 4456 aut
1436 4400 1545 4456 conus

345 4483 418 4547 iliud
439 4482 565 4546 ierendo
587 4492 649 4547 tum
672 4491 786 4549 tantnm
801 4482 979 4547 excludendi
993 4492 1086 4568 suut„
1101 4483 1216 4567 quando
1231 4502 1270 4548 ex
1285 4480 1438 4547 individua
1451 4499 1545 4547 casus

344 4579 449 4635 natura
471 4569 637 4653 peculiares
660 4576 795 4635 oriantur
816 4577 956 4649 rationes,
980 4592 1033 4637 eos
1055 4572 1093 4635 de
1115 4576 1243 4653 partium
1259 4572 1360 4637 studio
1382 4576 1545 4654 suspectos

343 4659 462 4722 haime·
874 4751 903 4830 s·
931 4754 1002 4816 m·

412 4849 445 4913 in
476 4850 665 4938 dijudicanda
694 4852 889 4920 credibilitate
912 4857 1196 4935 consanguineorum
1225 4859 1408 4920 staminium
1429 4871 1549 4936 perso-

347 4957 466 5012 omnm,
497 4958 618 5023 quarum
647 4941 686 5008 ad
708 4940 851 5029 conjuges
872 4944 979 5010 relatio
1002 4948 1131 5025 partium
1151 4943 1243 5009 studi
1264 4942 1466 5027 suspicionem
1487 4947 1547 5007 iu-
