3330 5222
205 86 311 167 m,
428 88 436 103 s

207 324 468 461 Litterae,
510 327 696 470 quibus
731 304 1183 432 Eminentissinius
1218 286 1378 443 Viulc
1400 322 1557 430 Prclb

590 538 894 659 responsum
935 502 1174 609 reddidit.

486 754 663 821 celsissime
685 775 719 819 ac
742 755 1005 820 Reverendissime
1027 724 1186 838 Priuucpsl

248 931 267 964 e
339 896 451 977 Accepi
474 896 591 960 litteras
615 896 810 961 Celsitudiuis
834 898 915 962 Tuae
938 896 1216 960 Rerevendissinaae
1239 894 1382 958 bodierna
1404 893 1556 961 dieNo.t

206 983 243 1047 ad
274 1003 320 1047 me
351 984 454 1059 datas,
486 987 517 1049 in
546 988 651 1068 quibus
681 985 767 1070 plura
797 993 1033 1068 pertractantur,
1065 989 1142 1049 circa
1172 1004 1243 1068 quae
1273 985 1351 1046 iuter
1372 1003 1429 1047 nas
1452 981 1558 1046 collata

207 1073 326 1135 luerunt
350 1072 485 1151 consilia,
509 1090 637 1158 quaeque
659 1078 769 1156 partim
792 1075 829 1139 ad
853 1074 1092 1138 dilucidationem
1115 1073 1245 1151 illorum,
1269 1073 1394 1155 quaein
1416 1070 1558 1136 Conven-

207 1164 287 1224 ticne
317 1164 520 1240 continentur,
550 1165 733 1241 inserviunt,
763 1166 873 1245 partim
899 1184 971 1227 vero
1001 1163 1037 1226 ad
1061 1161 1119 1226 alia
1142 1162 1299 1225 statuenda
1322 1168 1392 1223 sunt
1414 1160 1559 1239 ordinata,

205 1250 244 1313 de
274 1252 379 1333 quibus
412 1251 528 1333 quidem
556 1262 754 1333 opportunum
780 1252 944 1339 judicatum
973 1253 1044 1330 suit,
1072 1256 1103 1315 in
1135 1252 1235 1315 eadem
1260 1250 1463 1314 conventione
1490 1271 1559 1313 aer-

207 1359 325 1403 monem
348 1360 408 1403 non
433 1342 557 1417 babere,
581 1342 633 1404 sed
657 1342 802 1427 Majestas
826 1343 885 1404 Sua
901 1341 1046 1406 caesarea
1068 1362 1124 1423 pro
1147 1341 1258 1404 eximia
1281 1341 1340 1403 Sua
1362 1341 1507 1421 aequitate
1529 1347 1560 1402 et

207 1429 319 1509 pietate
342 1436 475 1510 paratam
492 1432 565 1492 Sese
581 1431 724 1508 exhibuit,
747 1432 935 1494 Sanctissimi
952 1431 1051 1493 Patris
1075 1430 1234 1492 desideriis
1258 1435 1287 1491 et
1308 1425 1559 1510 postulationibus

205 1518 390 1580 satisfacere
437 1519 482 1581 Ea
498 1520 605 1601 itaque,
628 1540 701 1602 quae
724 1522 755 1582 iu
771 1522 943 1582 memoratis
959 1517 1068 1581 litteris
1085 1537 1231 1599 expressa
1246 1527 1326 1594 sunt,
1350 1526 1408 1579 tam
1424 1518 1559 1581 aSanctu

206 1606 285 1669 Sede
309 1625 396 1687 quatu
419 1626 437 1669 a
459 1607 617 1692 Mujestate
640 1611 698 1672 Sua
720 1609 868 1672 caesarea
889 1607 1031 1689 religiose
1054 1608 1261 1672 servabuntur.

339 1713 379 1776 [lt
402 1715 510 1790 omnis,
534 1725 673 1795 quantum
696 1716 760 1777 lieri
783 1723 894 1795 potest,
916 1712 1086 1776 recludatur
1108 1714 1207 1776 aditus
1232 1710 1464 1792 difficultatibus,
1485 1732 1560 1796 ,quae

207 1819 245 1864 ex
268 1802 513 1882 interpretatione
534 1801 671 1881 illorum,
701 1822 773 1885 qrrae
797 1805 828 1865 in
852 1812 1013 1866 memorata
1035 1805 1232 1866 conuentione
1255 1803 1458 1879 continentur,
1488 1804 1561 1865 oriri

206 1898 347 1971 possent,
377 1893 497 1953 nominc
524 1893 648 1954 Sanctae
672 1892 759 1955 Sedis
791 1888 929 1969 declaro,
960 1913 1011 1969 ea,
1043 1912 1115 1973 quae
1138 1889 1273 1955 Articalo
1295 1891 1561 1969 Vll.·statuuntur,

206 1999 266 2043 non
295 1998 363 2042 esse
391 1978 603 2061 intelligenda,
639 1981 700 2043 nisi
729 1980 766 2043 de
794 1982 960 2061 gymnasiis
990 1981 1154 2063 mediisque
1183 1978 1297 2042 scholis
1325 2000 1380 2060 pro
1405 1977 1561 2065 juventute

207 2066 351 2130 catholica
380 2068 555 2145 destinatis,
586 2067 718 2132 exclusis
748 2071 803 2147 iis,
833 2090 905 2152 qnae
935 2090 991 2151 pro
1021 2067 1194 2132 acatholicis
1223 2069 1335 2132 suerint
1363 2068 1502 2132 fundatae
1531 2077 1562 2131 et

209 2156 388 2222 destinatae.

121 2330 125 2345 ¹
338 2261 512 2326 Declaratio
550 2283 639 2341 vero,
683 2284 756 2346 quae
789 2264 958 2327 continetur
998 2265 1057 2341 No.
1088 2265 1124 2328 X.
1165 2261 1329 2327 litterarum
1365 2261 1561 2327 celsitudinis

206 2353 288 2416 Tute
311 2352 389 2414 circa
411 2352 532 2416 Modum
555 2353 736 2437 sequendum
759 2354 791 2416 iu
810 2352 935 2439 judiciis
959 2363 1060 2416 contra
1083 2351 1313 2417 Ecclesiasticus
1336 2352 1429 2430 viros,
1459 2352 1507 2435 qul
1528 2352 1562 2417 iu

201 2439 255 2527 jus
288 2450 431 2504 vocentur
459 2453 582 2523 propter
612 2443 723 2505 crimen
755 2461 808 2505 seu
838 2441 976 2505 delictum
1003 2443 1040 2505 ad
1069 2441 1246 2523 religionem
1276 2443 1446 2523 pertinens,
1484 2442 1563 2523 qrrod

206 2528 383 2610 poenalibus
405 2529 525 2612 Imperii
547 2530 662 2613 legibus
685 2532 947 2608 animadvertitur,
977 2551 995 2592 a
1018 2533 1125 2594 Sancta
1148 2532 1224 2594 Sede
1246 2532 1412 2594 admittitur
1434 2529 1560 2613 quidem,

183 2620 262 2699 'per
285 2638 318 2681 se
341 2628 439 2682 autem
467 2630 565 2701 patet,
596 2640 718 2683 caussas
740 2617 907 2702 Religionis
936 2628 966 2682 et
994 2618 1062 2682 lidei
1091 2638 1146 2703 qua
1174 2618 1250 2682 tales
1273 2621 1310 2683 ad
1333 2620 1560 2701 competentiam
1654 2674 1655 2687 ,

201 2706 316 2793 judicis
340 2707 502 2771 saecularis
525 2728 585 2773 non
613 2711 773 2791 pertinere.

342 2812 445 2878 Relate
475 2815 514 2878 ad
536 2836 586 2891 aa,
616 2834 689 2899 quae
717 2815 857 2879 adnotata
880 2816 981 2877 suut
973 2835 1004 2876 ru
1036 2813 1145 2885 litteris
1168 2810 1369 2880 celsitudinis
1391 2817 1474 2881 Tuae
1496 2814 1561 2879 lle-

209 2903 445 2968 uerondissimae
468 2905 527 2969 No.
549 2901 625 2983 xm,
648 2906 863 2983 sanctissimus
882 2905 972 2967 Pater
993 2922 1052 2967 non
1077 2904 1200 2983 dubitat,
1223 2907 1291 2987 quin
1307 2907 1339 2967 in
1354 2905 1561 2968 constituenda

209 2994 421 3056 commissione
445 2991 656 3070 ecclesiastica,
679 2993 716 3056 de
740 3014 795 3075 quun
817 2994 859 3057 ibi
883 3014 981 3057 sermo
1002 3003 1059 3072 est,
1083 2994 1266 3057 Gurberuium
1282 2994 1471 3058 dustriacum
1495 3013 1562 3059 cum

209 3084 318 3145 Sancta
340 3081 417 3145 Sede
439 3083 481 3143 sit
501 3089 758 3163 pertractaturum

342 3191 497 3270 Superest,
522 3198 554 3252 ut
577 3191 685 3251 effusas
700 3188 765 3252 Deo
789 3192 909 3273 Optimo
926 3178 1058 3254 Maximo
1081 3190 1192 3271 gratias
1215 3209 1317 3273 agam,
1341 3190 1416 3272 quod
1439 3188 1560 3272 gravis-

208 3277 316 3341 simum
340 3278 519 3359 maximique
537 3280 667 3342 omnium
683 3283 824 3343 momenti
847 3289 907 3342 tam
930 3300 985 3361 pro
999 3278 1133 3342 Ecclesia
1156 3286 1215 3341 tam
1239 3300 1293 3360 pro
1309 3281 1393 3343 Statu
1409 3276 1556 3357 negotium

208 3366 325 3430 felicem
347 3368 384 3430 ad
409 3369 520 3430 exitum
544 3367 634 3431 suerit
659 3367 844 3449 perductum.
1079 3372 1082 3389 ¹

257 3514 262 3519 -
341 3473 584 3538 Praeclarissima
613 3474 667 3537 bac
698 3478 869 3548 occasione,
900 3484 933 3539 ut
966 3494 1099 3556 semper,
1129 3476 1369 3557 Angustissimus
1396 3469 1560 3551 imperator

213 3562 346 3627 exhibuit
368 3566 489 3645 pietatis
513 3574 542 3626 et
564 3565 667 3627 eximii
689 3565 855 3648 Religionis
879 3565 970 3627 studii
991 3573 1179 3646 argumenta,
1205 3584 1278 3646 quae
1301 3561 1415 3645 quidem
1438 3555 1560 3622 clariori
1612 3576 1616 3593 ·

208 3652 436 3813 ζιαιὲιὲώιέἓιὲιιῖξ
460 3652 630 3736 fulgebunt,
662 3654 732 3717 dum
763 3676 814 3733 ea,
845 3673 917 3736 qutae
946 3662 1032 3735 pacta
1055 3663 1255 3734 conuentaque
1277 3659 1362 3725 sunt,
1390 3649 1560 3713 executioni

343 3850 407 3913 Hac
430 3856 528 3911 autem
552 3856 619 3911 utor
641 3847 814 3923 occasione,
839 3857 870 3911 ut
893 3847 1073 3913 celsitudini
1094 3851 1176 3913 Tuae
1198 3845 1472 3912 Reverendissimae
1494 3852 1560 3908 toto

209 3938 299 4002 corde
328 3936 474 4019 gratuler,
507 3938 583 4019 quod
614 3939 795 4020 gravissimo
824 3938 892 4000 buic
922 3940 1042 4022 negotio
1072 3958 1186 4001 summa
1208 3935 1364 4000 sedulitate
1387 3954 1560 4016 summoque

9 4054 10 4091 ι
87 4076 90 4081 -
211 4028 311 4091 studio
343 4038 371 4090 et
392 4025 494 4090 laboro
516 4026 677 4090 multorum
700 4046 844 4090 annorum
877 4030 974 4108 spatio
997 4027 1116 4091 dederis
1139 4044 1266 4109 operam.
1311 4028 1377 4090 Deo
1398 4026 1561 4111 adjuvante

211 4125 347 4180 sanctum
370 4116 514 4197 hocopus
530 4116 567 4179 ad
584 4119 696 4179 exitum
712 4127 759 4179 ast
773 4117 964 4198 perductum3
987 4118 1036 4181 det
1060 4116 1154 4181 eidem
1170 4116 1315 4180 Dominus
1330 4112 1560 4179 incrementum!

346 4223 520 4305 Pergratum
543 4223 615 4286 mibi
639 4231 686 4285 est
707 4223 761 4285 bac
785 4229 826 4287 uti
850 4225 1023 4302 occasione,
1046 4234 1077 4287 ut
1100 4224 1313 4289 sincerissimis
1328 4220 1486 4305 peculiaris
1500 4220 1561 4283 ob-

211 4315 378 4377 servantiae
401 4314 540 4376 sensibus
564 4331 750 4394 permaneam

581 4443 774 4509 celsitudinis
804 4448 888 4509 Tuae
914 4445 1189 4510 Reuerendissimae

344 4569 488 4640 Viennae,
512 4528 561 4632 dic
586 4575 635 4636 18.
660 4570 787 4651 Augusti
814 4575 908 4637 1855.

954 4712 1239 4793 obsequentissimus
1263 4720 1368 4775 seruus

852 4837 894 4902 ut.
919 4834 1007 4900 card.
1029 4830 1174 4904 Vlsle
1196 4825 1355 4907 Prelio
1376 4857 1415 4901 m.
1438 4857 1469 4917 p.

778 4998 989 5012 ψ

778 5013 989 5030 ——n-
