3402 5220
1447 169 1530 290 auu

236 467 290 530 tu.
314 457 360 526 De
378 456 515 541 Μίνω
529 459 740 540 commuuione,
759 465 836 546 'queo
933 471 987 534 ae.
1007 460 1158 548 'uomere
1178 473 1327 532 nostrates
1350 475 1452 532 contm
1476 467 1533 534 iti-

167 567 324 634 reierenda
346 572 448 652 utique
469 575 515 632 eet
543 567 583 631 ud
611 571 836 634 sanctissimum
869 571 960 638 tuella
983 577 1200 655 prueeerlptum
1223 575 1291 638 velo
1313 575 1534 640 &arnaudum

169 675 282 738 missae
303 673 499 752 sucrificium,
529 675 589 738 dici
610 671 697 756 plure
719 675 835 758 quidem
869 682 1002 744 exterius
1025 699 1086 744 non
1110 683 1302 762 cooperiente
1340 681 1415 744 nilril
1436 689 1534 746 tamen

168 790 303 866 ponent,
324 783 380 848 sed
403 802 441 846 ne
459 779 546 866 justo
562 778 716 862 longiores
731 786 836 863 simtu,
869 805 971 850 eorum
1000 787 1258 868 praetermittunt,
1299 806 1372 871 quae
1400 789 1535 852 coniers

169 889 242 953 lmec
263 907 359 972 peuce
380 897 546 954 annotasse
559 889 697 952 minorat
731 889 836 971 Pyxis,
867 891 967 977 aliquo
990 892 1081 957 modo
1094 901 1220 975 possunt
1235 894 1274 957 ed
1287 893 1355 974 hoc,
1379 902 1411 958 ut
1426 895 1534 978 Augo-

171 997 202 1063 ir
240 1014 295 1079 que
330 1015 433 1061 morae
470 993 588 1078 species
634 1005 835 1070 cremantur.
869 999 1034 1064 stissimum
1070 998 1275 1064 Eucharistiae
1317 1011 1534 1066 armamentum

170 1103 293 1186 proprio
315 1121 436 1186 semper
455 1111 596 1185 cooperta
617 1111 663 1166 eet
685 1099 750 1165 velo
772 1107 837 1168 sive
870 1107 959 1172 modo
988 1107 1117 1189 quoiam
1147 1108 1400 1174 excellentissimo
1422 1109 1536 1174 oolutm·

169 1229 206 1274 eu
235 1213 266 1272 in
295 1210 491 1274 tabernuculo'
515 1206 547 1292 ¹)
585 1214 627 1272 sit
655 1206 775 1274 reclusa
805 1209 837 1274 in
870 1213 1131 1296 decentissimoque
1153 1212 1291 1280 fidelibus
1312 1215 1432 1279 divinae
1447 1234 1534 1278 men-

170 1315 296 1399 templo‚
335 1317 400 1382 siro
438 1319 666 1398 summissimum
696 1315 836 1402 uiaticum
868 1339 919 1384 see
949 1320 1187 1384 occumbentiims
1218 1321 1423 1388 distribuatur.
1486 1323 1535 1386 Sic
1617 1335 1621 1343 ·

169 1422 267 1487 inille
281 1424 409 1488 indrmls
426 1420 622 1505 deleretur²)
645 1422 837 1488 Distribueus
869 1435 914 1491 est
941 1425 989 1490 vel
1019 1428 1235 1492 consuetudine
1258 1428 1460 1493 introductum
1488 1431 1535 1492 rel

171 1534 408 1606 communionem
430 1549 491 1599 uon
507 1537 588 1594 tanet
604 1529 836 1612 purificatorium
870 1537 958 1598 etiam
974 1530 1036 1598 leta
1049 1532 1117 1616 lege
1132 1535 1359 1618 praescriptum,
1383 1543 1416 1600 ut
1431 1537 1536 1600 uter-

171 1655 231 1702 una
252 1655 318 1700 cum
332 1636 455 1719 pyxide,
477 1655 537 1701 uec
554 1635 708 1700 osculatur
724 1634 757 1720 ³)
779 1635 837 1700 Al·
870 1637 1019 1718 naculum,
1041 1643 1073 1704 in
1088 1661 1144 1724 qno
1167 1660 1269 1706 sacrae
1291 1631 1408 1725 spectas
1429 1661 1535 1706 esser-

83 1801 85 1804 .
170 1753 245 1825 tere,
268 1752 425 1828 antequam
447 1754 520 1827 post
531 1744 630 1808 datm
654 1752 742 1808 extra
756 1745 837 1808 mis·
869 1757 984 1824 ventum,
1001 1749 1081 1812 intus
1095 1748 1135 1811 ait
1148 1753 1247 1812 aerico
1262 1748 1331 1813 elbo
1347 1759 1535 1827 exornatum,

170 1871 235 1916 eam
258 1851 495 1918 communionem
521 1848 636 1935 populo
660 1869 726 1916 cum
749 1871 838 1916 manu
871 1855 949 1939 qnod
991 1875 1085 1938 neque
1122 1854 1159 1917 ab
1196 1855 1287 1919 Urbis
1322 1856 1536 1922 cousuetudine

171 1959 331 2027 benedicit.
381 1959 604 2053 diistrllrutione
635 1977 664 2032 ,1.
702 1977 838 2024 commu·
870 1963 999 2026 adenum
1022 1981 1090 2026 esse
1111 1963 1309 2042 cognoscitur.
1354 1961 1536 2027 Puridceto-

172 2068 272 2130 nionia
295 2065 380 2154 inita
400 2065 546 2130 sueardus
574 2067 648 2131 dicit
674 2067 734 2130 alte
755 2085 837 2140 voce,
870 2075 947 2134 rium
971 2066 1133 2133 identidem
1156 2089 1214 2134 una
1238 2089 1304 2135 cum
1318 2070 1431 2152 pyxide
1447 2087 1535 2134 munu

170 2173 242 2240 dccet
270 2173 313 2240 ud
343 2169 446 2240 aliare
473 2175 641 2240 revertitur
673 2169 719 2255 ⁴),
754 2177 838 2238 tud·
870 2185 952 2242 tenet
977 2175 1117 2240 sacerdos
1146 2196 1173 2240 s.
1202 2179 1438 2242 communionem
1466 2175 1536 2241 dis-

170 2282 314 2364 plrouam:
344 2279 399 2360 „0
427 2299 553 2361 ructum
580 2282 780 2348 emotoiew‘
808 2289 839 2343 et
870 2284 1013 2357 tribuens,
1034 2291 1074 2357 ut,
1098 2302 1164 2346 cum
1188 2303 1263 2366 opus
1285 2305 1355 2348 ease
1376 2289 1535 2366 putruerit,

169 2387 375 2470 respondente
393 2389 534 2452 minimo
557 2389 713 2476 subjungit
736 2388 772 2450 V.
801 2388 837 2451 V.
870 2391 1007 2455 medtdos
1029 2390 1108 2456 forte
1123 2391 1404 2455 communicantium
1417 2393 1546 2473 lingone·

171 2495 291 2560 Parem
318 2494 359 2558 de
385 2493 488 2577 cuelo‚·
524 2494 675 2572 „Domine
701 2493 839 2558 eruudd‘
871 2503 968 2562 orisve
992 2507 1129 2562 contactu
1153 2498 1267 2579 digitos
1291 2497 1445 2564 exsiccare
1459 2515 1536 2582 pot-

169 2611 200 2666 et
223 2601 573 2668 domentiolum
596 2621 741 2668 nuscum
765 2621 838 2666 ore-
871 2609 922 2668 sit.
959 2604 994 2668 ld
1025 2623 1114 2668 unum
1145 2613 1259 2668 tantum
1290 2605 1455 2689 improbari
1477 2606 1537 2668 de-

170 2716 254 2776 tione
280 2709 473 2792 prrescripta.
870 2713 936 2789 bet,
969 2710 1049 2793 quod
1077 2709 1170 2793 aliqui
1198 2721 1270 2793 post
1300 2711 1489 2776 distributum
1510 2733 1535 2777 e.

871 2817 1107 2882 communionem
1146 2835 1293 2899 nunquam
1322 2837 1382 2882 non
1412 2818 1535 2898 fuciunt,

870 2933 974 3008 estque
998 2923 1181 3002 benedictio,
1216 2943 1302 3005 quum
1332 2921 1447 3007 populo
1470 2944 1536 2989 cum

870 3050 957 3096 sucre
977 3031 1091 3114 pyxide
1113 3031 1203 3096 toties
1227 3031 1314 3106 dant,
1337 3036 1454 3115 quoties
1477 3037 1536 3114 ipat

870 3140 1082 3204 eucharistiam
1106 3147 1324 3222 perrexerunt,
1362 3139 1442 3222 quod
1476 3159 1535 3204 nou

870 3249 969 3311 minus
992 3255 1097 3311 contre
1118 3243 1238 3312 liituule
1261 3255 1309 3310 est
1331 3267 1418 3329 quern
1432 3253 1537 3313 contre

870 3372 1047 3436 expressam
1065 3355 1100 3416 So
1119 3354 1156 3418 ii.
1180 3352 1216 3416 C.
1240 3352 1479 3418 decluretionem.
1505 3353 1535 3430 ¹)

238 3553 292 3614 at.
315 3549 349 3612 ln
371 3547 478 3610 oriem
500 3545 746 3628 Defunctorum,
769 3547 841 3612 licet
939 3555 990 3617 at.
1014 3549 1100 3614 Licet
1124 3550 1259 3614 liumuno
1282 3549 1396 3614 missali
1420 3559 1538 3614 utantur

172 3656 381 3720 nihilomnino
403 3663 523 3736 preeier
545 3673 577 3718 ea
589 3657 840 3738 peragatitomr-
873 3656 1018 3738 Cisalpini
1049 3658 1088 3719 ud
1110 3657 1251 3721 dicendas
1275 3658 1386 3722 missas
1409 3657 1448 3722 de
1471 3656 1538 3720 ite-

172 3783 242 3838 nus‚
266 3779 340 3844 quac
363 3759 495 3846 injuncto
508 3765 538 3822 in
551 3761 669 3824 Miscuit
686 3773 765 3838 eunt,
789 3773 839 3825 at·
872 3765 987 3847 quiem,
1012 3775 1081 3826 sunt
1103 3775 1210 3837 tamem
1235 3767 1285 3847 qui
1306 3776 1450 3847 prueunte
1474 3765 1536 3828 Cu-

172 3879 273 3934 temen
304 3867 394 3954 juxta
425 3868 533 3930 iactam
565 3887 584 3930 a
614 3869 645 3930 S.
676 3869 711 3932 R.
737 3868 771 3932 C.
807 3866 839 3954 4)
871 3867 1002 3934 valterio
1025 3870 1243 3952 praescriptum
1265 3876 1296 3936 in
1313 3893 1348 3936 eo
1371 3877 1536 3938 urutiouum

171 3978 310 4043 rubricae
339 3976 569 4057 explicationem
603 3975 647 4038 ad
682 3974 840 4040 introitum
872 3976 1006 4040 ordinem
1030 3988 1241 4044 conservent
1268 3974 1301 4061 ²)

211 4183 234 4251 ¹)
253 4186 461 4238 Tuherneculum
492 4200 594 4252 quoque
629 4203 679 4238 cuo
707 4195 747 4238 eet
781 4191 839 4240 reio
910 4169 934 4236 ¹)
953 4173 995 4224 ²³·
1021 4173 1081 4233 ¹¹⁸5*
1115 4172 1182 4224 ¹335
1212 4177 1239 4223 ¹¹¹
1266 4186 1316 4224 ΠΜ
1345 4175 1407 4233 Μ·
1439 4177 1536 4226 mim·

257 4289 372 4339 conopeo
391 4283 551 4339 coopertum.
957 4265 1101 4327 capimin-

209 4363 238 4430 ι)
257 4365 313 4427 ouo
336 4368 363 4416 ιη
389 4379 452 4418 eoru
478 4369 609 4430 cooperiri
635 4369 744 4428 inrrrper
763 4367 842 4418 debet
908 4348 933 4415 1)
953 4351 1027 4404 cont.
1047 4351 1148 4412 adjectu
1167 4351 1324 4403 calendario
1335 4354 1459 4404 Luxemir.
1479 4367 1537 4403 mo-

257 4457 464 4507 extremitatibus
487 4458 539 4507 reli
564 4457 669 4520 oblongi
688 4455 839 4506 humeralis.
949 4443 1005 4490 ΠΗ·
1023 4453 1064 4490 ⁸¹¹·
1088 4438 1164 4491 ¹⁸⁵⁴·
1182 4454 1210 4491 ¹1·
1229 4443 1254 4491 ⁴·

257 4543 335 4594 iiacr.
353 4545 380 4597 s.
399 4545 427 4596 ii.
446 4545 475 4597 c.
490 4545 532 4600 21.
545 4551 623 4600 mart.
644 4544 711 4597 itii
730 4546 757 4594 in
769 4545 840 4596 licr-

256 4643 361 4698 pumen.

212 4720 239 4785 ¹)
259 4723 299 4772 ld.
319 4721 406 4774 liartil
426 4723 494 4772 teet
512 4726 541 4774 ln
563 4727 653 4775 Veron.
673 4725 706 4774 ed
726 4725 749 4775 6.

214 4809 241 4876 ⁴)
260 4811 342 4860 &aua
361 4823 392 4860 co
415 4817 560 4876 nostrates,
584 4816 729 4875 preeeuuia
749 4816 840 4864 Currat.

258 4902 374 4951 tradunt.

211 4987 236 5055 ⁵)
256 4991 282 5040 r.
296 4989 430 5056 samu
456 4987 531 5042 rere.
