3346 5216
147 84 199 163 48

147 278 301 349 emotae
330 279 550 346 cmtrcoerat'ir
580 276 750 343 decidendi
774 275 861 341 rato
889 277 1051 357 decerpto
1080 282 1131 340 eat
1160 296 1201 341 ec
1237 276 1511 343 marmoratae

146 385 347 453 cccleeiorrtm
374 387 475 471 quood
501 406 582 462 rem,
612 406 692 469 puae
719 386 926 449 variationem
949 383 1050 465 jueta
1072 386 1352 461 accomodatam·
1370 402 1432 448 ooo
1452 395 1511 446 νεά

146 497 243 575 spuit.
290 495 395 577 Utique
416 515 476 559 non
499 503 569 559 aunt
591 502 822 575 praeconceptae
845 494 966 557 Petrum
988 492 1090 570 ideae,
1125 512 1186 556 nen
1206 492 1343 556 rationes
1364 512 1382 554 a
1403 492 1510 573 priori,

147 621 221 684 quae
242 600 384 665 Romania
402 598 555 686 judicibus
578 620 713 664 normam
735 601 891 665 decidendi
914 603 950 663 at
970 598 1134 680 pluritatem
1157 600 1187 661 in
1213 597 1362 665 similibus
1383 608 1513 663 conco-

148 709 256 770 versiis
279 714 434 789 praebent.
478 703 560 787 Quid
581 726 654 789 ergo
676 709 826 790 ineptius,
850 706 923 789 quid
942 704 1073 771 alienum
1097 727 1115 769 a
1136 705 1262 769 verimte
1284 708 1397 788 magia,
1420 722 1511 789 quara

146 814 379 897 Congregationi
401 834 465 878 eam
488 815 631 896 affingere
653 824 801 895 mentem,
832 822 864 878 ut
894 814 997 878 mma
1027 834 1081 878 sua
1107 813 1225 877 decreta
1245 812 1357 897 ulique
1377 811 1512 878 locem

146 920 218 985 velit
255 923 442 1003 promulgata
476 931 507 985 et
543 922 661 1005 quidem
696 941 782 986 secus
817 940 852 985 ac
881 923 981 987 ierant
1009 919 1234 1004 particularium
1264 919 1456 987 ecelesiarum
1491 940 1513 983 a

146 1047 171 1090 e.
195 1029 271 1093 Sede
294 1030 438 1111 probatae
461 1030 710 1093 consuetudines?

280 1158 333 1219 26.
371 1152 482 1235 Ecquis
514 1154 593 1217 enim
623 1174 684 1218 non
712 1154 794 1217 videt
818 1155 852 1217 in
873 1150 977 1217 multia
999 1152 1128 1215 decretis
1151 1151 1276 1216 edendis
1296 1158 1417 1216 secutas
1439 1154 1508 1218 Ru·

145 1280 251 1324 manos
274 1260 380 1323 Patres
403 1279 469 1323 esse
491 1270 632 1343 tanquam
653 1259 874 1343 praelucentem
895 1260 1000 1337 facem,
1031 1279 1092 1323 non
1107 1267 1339 1341 praeconceptae
1362 1259 1507 1341 quasdam

146 1368 295 1447 munuca,
326 1386 398 1430 seru
431 1368 507 1448 ipaia
538 1366 761 1449 particularium
783 1366 975 1432 eeclesiarum
997 1367 1188 1431 ueceaeitates
1216 1366 1256 1430 eb
1277 1364 1382 1431 ocules
1410 1367 1510 1431 inisse

146 1475 245 1556 petius
260 1480 416 1546 versataa3
437 1481 605 1557 temporum
619 1495 745 1558 namque
759 1475 949 1559 locorumque
961 1472 1196 1541 circumstantiis
1211 1470 1295 1555 leges
1317 1473 1511 1556 adaptarunt,

147 1601 202 1645 seu
225 1580 303 1662 quod
327 1579 357 1643 in
379 1580 459 1645 idem
481 1582 604 1661 recidit,
633 1582 869 1663 particularibus
902 1592 1068 1665 opportune
1098 1581 1165 1645 huie
1187 1578 1237 1644 vel
1257 1578 1305 1643 illi
1325 1578 1392 1643 leco
1414 1600 1510 1662 prae-

147 1686 267 1769 scriptis
288 1684 419 1769 legibus,
451 1688 633 1752 accensenda
660 1709 722 1752 non
743 1707 837 1772 pauca
859 1689 891 1751 S.
915 1690 950 1758 it
971 1690 1008 1756 C.
1037 1687 1146 1772 placita
1167 1696 1251 1752 aunt.
1297 1687 1395 1749 Eccur
1414 1687 1508 1765 enim,

148 1804 180 1859 ut
209 1793 307 1877 aliqua
337 1793 395 1859 huc
423 1791 562 1859 facientia
592 1793 712 1858 decreta
738 1795 901 1874 laudemus,
931 1816 1019 1860 eccur
1046 1796 1143 1862 alt
1173 1792 1208 1861 0.
1250 1790 1413 1858 declmevlt
1449 1793 1511 1857 sub

150 1906 202 1968 17.
224 1902 296 1964 dun.
327 1910 358 1965 et
388 1905 419 1967 2·
443 1900 600 1966 Decembr.
628 1923 677 1967 au.
709 1907 811 1976 16⁷3,
841 1922 931 1966 uram
956 1904 1056 1966 aerim
1088 1899 1204 1968 catam
1234 1918 1303 1965 cum
1333 1899 1437 1965 cuado
1464 1900 1513 1965 od

146 2009 251 2072 iactor
264 2003 482 2070 Praelatorom
493 2006 697 2072 Romanorum
718 2029 778 2073 oon
792 2006 923 2073 licuisse
937 2028 1034 2095 rteqaoe
1054 2006 1191 2074 liceret“
1213 2002 1291 2089 Quia
1306 2027 1348 2076 ac.
1369 2010 1512 2072 circom-

147 2116 288 2178 stactae
309 2110 370 2178 Ioci
390 2113 424 2177 id
444 2134 501 2195 pre
522 2113 625 2194 ltalia,
659 2120 836 2198 praesertim
865 2138 937 2182 vero
960 2138 1016 2200 pro
1038 2117 1167 2181 dioecesi
1188 2114 1425 2180 marmensi
1444 2134 1508 2179 ex-

146 2218 355 2303 postulabant,
378 2240 434 2301 pro
456 2241 513 2307 qua
534 2220 627 2286 latum
648 2222 706 2286 lmc
727 2224 880 2289 decretum
902 2227 1041 2307 proxime
1052 2233 1107 2288 eat.
1155 2212 1242 2288 Ouod
1258 2231 1291 2287 ut
1312 2224 1432 2306 plenius
1456 2222 1513 2284 in-

147 2327 307 2410 telligetur,
330 2327 484 2395 sciendum
507 2336 566 2404 est3
590 2338 707 2413 praeter
728 2329 798 2395 illua
821 2341 969 2396 tercentos
992 2332 1205 2417 quinquaginta
1220 2340 1288 2394 ectu
1302 2329 1453 2412 praelatos
1475 2325 1511 2413 ¹)

148 2435 197 2518 qui
218 2435 341 2517 proprie
363 2420 484 2501 munere
507 2437 709 2521 dignitateque
731 2438 947 2505 Pmclotorom
966 2439 1197 2504 dormeiicomoo
1217 2437 1333 2501 Summi
1355 2436 1513 2501 Pentificia

147 2542 327 2624 iunguntur,
358 2551 389 2605 et
416 2540 492 2606 alios
520 2543 616 2609 adhuc
647 2565 715 2610 esse
744 2548 819 2610 bene
841 2548 952 2612 multoe
975 2548 1100 2611 minoris
1122 2545 1239 2611 ordinis
1261 2534 1425 2627 praelatos,
1458 2543 1514 2627 qui

147 2649 236 2717 etiam
257 2649 297 2713 ad
312 2646 484 2716 Berconum
504 2653 624 2715 corium
639 2653 801 2734 pertinent.
847 2654 941 2718 Porro
964 2654 1016 2719 isti
1036 2651 1163 2736 praelati
1184 2668 1252 2717 cam
1266 2649 1361 2727 multi,
1385 2650 1514 2715 omuino

150 2774 189 2823 ax
211 2757 364 2822 muauioia
388 2755 583 2823 ecelesiarum
612 2761 677 2822 aive
704 2759 919 2825 cathedralium
941 2763 1005 2825 sive
1028 2759 1252 2844 collegiatarum
1273 2760 1306 2822 in
1328 2760 1395 2840 ipsa
1416 2752 1512 2824 ltalia

148 2860 312 2946 eligantur,
343 2864 414 2947 quid
444 2865 568 2941 mirum,
600 2868 629 2930 ai
658 2867 739 2931 inter
764 2867 1003 2951 concapitulares
1032 2868 1181 2954 lruJusque
1208 2865 1353 2950 dignitate
1385 2865 1511 2929 omuino

147 2969 284 3053 aequales
305 2980 336 3035 at
358 2969 463 3051 titolo,
497 2982 651 3037 moveatur
673 2975 847 3058 quandoque
869 2972 910 3039 lte
931 2975 971 3040 de
988 2974 1228 3056 mmeramme,
1251 2975 1280 3038 ai
1303 2973 1513 3038 controversia

145 3077 215 3143 tine
236 3077 306 3143 iude
320 3089 457 3143 oecurrm
479 3079 644 3144 dirimenda
666 3080 704 3144 de
714 3083 996 3162 mmenanemmr
1018 3084 1170 3167 Numquid
1193 3082 1273 3146 enim
1295 3081 1398 3159 hatti,
1420 3079 1509 3143 Leo-

146 3182 238 3268 pelde
260 3192 347 3266 puta,
369 3184 408 3248 ad
431 3183 634 3268 praelaturam
655 3199 794 3269 promoto
816 3192 925 3255 caeteri
947 3191 1058 3255 iratres
1080 3190 1119 3254 ad
1135 3209 1226 3255 unum
1249 3206 1354 3252 omnes
1377 3186 1535 3269 detritum¹

147 3309 268 3372 sempor
296 3290 440 3357 honorem
464 3292 621 3357 deterant?
651 3294 802 3379 Numquid
825 3317 886 3362 non
907 3296 1000 3380 aliqui
1021 3315 1061 3363 ex
1088 3299 1167 3381 ipsis
1189 3295 1361 3380 praehabito
1391 3293 1511 3357 cunetis

148 3396 304 3481 Leopoldc
326 3417 433 3467 nouam
449 3398 624 3483 dignimtem
645 3401 828 3478 invidebunt,
851 3404 889 3468 ad
912 3423 1000 3487 quam
1016 3413 1063 3468 eat
1077 3407 1221 3469 evectast
1242 3402 1357 3487 Ecquid
1379 3398 1513 3481 iaciliue,
1555 3407 1557 3410 ⁴
1671 3493 1673 3506 ἱ

147 3524 233 3588 quam
257 3512 288 3569 ut
312 3504 345 3569 id
367 3503 553 3583 stodeat,
574 3510 648 3572 itam
670 3510 830 3585 confrater,
852 3530 942 3594 aegre
964 3512 1065 3576 ferens
1091 3512 1152 3576 sibl
1175 3530 1290 3595 quoqne
1313 3530 1348 3574 ea
1376 3508 1511 3589 insignia

147 3620 289 3691 assumat,
318 3632 392 3695 quae
414 3613 537 3697 propria
557 3613 600 3679 ibi
620 3615 767 3682 labentur
788 3625 819 3681 et
839 3627 913 3687 suut
934 3617 1064 3684 Praelat.
1087 3620 1238 3685 Reme
1261 3616 1390 3683 Curiati
1410 3615 1512 3697 Atque

146 3721 190 3784 aie
222 3719 312 3787 hate
341 3727 453 3785 motam
481 3719 566 3785 litem
592 3741 710 3789 necnon
737 3721 840 3805 illam,
869 3726 906 3789 de
935 3747 992 3809 qua
1018 3725 1156 3809 superius
1177 3726 1262 3804 dixi,
1291 3724 1515 3790 mentitam

146 3828 365 3907 camaracam,
385 3848 446 3911 qna
465 3829 498 3895 8.
520 3830 556 3897 it
580 3827 616 3894 C.
639 3827 734 3897 veluti
753 3834 872 3915 cogitur
893 3833 932 3897 ad
948 3842 1151 3916 opportunum
1174 3833 1322 3898 edendum
1344 3832 1511 3911 demotum,

145 3933 184 3999 ad
215 3928 452 4018 'componendum
480 3938 561 4002 iuter
581 3936 819 4021 concapitularea
840 3958 959 4022 pacem,
985 3941 1026 4005 ad
1046 3939 1245 4005 dirimendam
1268 3947 1404 4005 exertam
1424 3936 1513 4002 luter

145 4042 229 4127 ipses
252 4043 498 4109 eonuuveraiam·
543 4046 636 4111 Dabit
658 4046 750 4128 igitar
767 4050 906 4129 prociona
925 4065 983 4131 pru
999 4048 1141 4127 diaecesi,
1162 4064 1188 4113 a·
1204 4066 1236 4130 g.
1260 4045 1511 4134 Rmmnoteaet,

145 4147 314 4228 decretumt
336 4158 399 4230 ast,
422 4150 541 4215 dabitur
563 4150 637 4219 illud
660 4173 695 4217 ea
709 4154 890 4235 intentione,
912 4163 945 4220 ut
960 4157 1064 4220 statim
1079 4157 1187 4240 ubmue
1208 4153 1415 4239 promulgetur
1429 4172 1513 4237 pro·

145 4256 365 4342 mulgetumque
387 4257 424 4321 ab
452 4259 591 4325 omnibus
620 4265 778 4327 senetur
814 4260 900 4329 Nihil
929 4262 1045 4341 minuce
1081 4282 1209 4348 namque
1238 4262 1396 4328 decidendi
1425 4261 1511 4330 ratic

146 4362 328 4441 desumitur,
357 4363 458 4450 ajente
480 4365 685 4448 Gardelliuia,
710 4386 752 4432 ec
779 4368 1055 4435 emmeramum
1085 4367 1289 4437 melariam
1309 4370 1414 4463 proci
1432 4390 1523 4451 resq·
1663 4324 1667 4331 ὗ

146 4486 225 4552 qam
251 4472 456 4539 variationem
476 4471 577 4554 juata
606 4475 862 4541 circumstantiae
890 4494 952 4543 aaa
973 4478 1103 4558 rerpoit.
1147 4477 1261 4563 Ecquid
1282 4481 1380 4560 enin,
1409 4478 1513 4559 eadee,

146 4572 225 4640 velia
253 4576 293 4641 da
318 4576 375 4641 hac
400 4582 603 4647 removeren
632 4580 665 4648 in
694 4580 793 4667 aliqua
813 4584 973 4669 pruvincia
992 4584 1228 4671 praescriptam,
1260 4586 1311 4653 uti
1331 4583 1433 4654 nullm
1448 4586 1513 4654 ia-

185 4890 210 4959 ¹)
229 4893 284 4952 cir.
302 4890 406 4948 nomm
423 4896 476 4953 etc.
491 4906 555 4964 paq.
572 4896 627 4957 882
640 4909 700 4967 seq.
