3408 5226
1426 94 1505 174 tas
1641 172 1648 179 .

148 296 276 357 maatuuu
303 288 344 355 da
366 285 441 372 jura
466 285 593 351 obstans
618 267 736 353 amero
762 290 871 364 potest.
923 284 1019 365 Igitur
1044 303 1176 359 monas
1202 289 1309 355 memte
1341 298 1506 355 ammaum

146 394 339 480 qaiuuipium:
361 391 548 461 seutentiam
570 388 607 453 de
622 389 803 455 matrimonii
824 387 928 453 ralore
947 389 1038 475 latam
1052 412 1201 477 nunquam
1223 400 1254 458 in
1269 415 1331 459 ram
1343 395 1507 480 judieatam

148 502 249 581 abire,
280 501 334 564 sed
363 498 597 583 quandocunque
626 496 791 561 deerrare
820 504 951 577 constet,
981 500 1180 563 revocandam
1202 521 1286 565 essee
1322 518 1417 585 neque
1443 506 1506 567 lieri

146 614 279 701 pourat,
310 616 344 673 ut
369 605 403 671 in
430 609 644 684 transeamus,
678 605 725 666 eui
752 618 898 669 canonum
921 605 1059 687 vestigiis
1082 607 1292 671 inhaerendum
1314 618 1393 682 erat,
1423 608 1506 674 aliud

146 715 214 799 quiri
234 721 423 781 sumerem.

275 820 401 887 munna
423 827 524 885 tamen
541 815 727 897 timendum,
749 835 789 883 ue
805 816 891 881 malis
914 816 1029 885 artibus
1046 837 1163 897 oerum,
1186 818 1237 901 qui
1250 818 1506 885 matrimoniorum

146 926 312 995 lenitatem
340 925 534 1009 pessumdare
548 922 698 1000 anbelant,
712 921 788 1004 legis
803 924 1018 989 ecclesiastieae
1033 926 1223 989 obseruantia
1237 927 1346 990 laneat,
1381 921 1507 1006 Quando
1575 1001 1584 1019 ,

142 1034 238 1121 jader
269 1034 394 1097 indioils
422 1033 461 1099 ad
486 1048 558 1094 -eum
580 1028 689 1095 deletis
711 1028 832 1093 adeatur
853 1030 908 1100 sit,
941 1034 1118 1095 sonantium
1142 1032 1179 1094 de
1201 1033 1382 1099 matrimonii
1403 1030 1507 1097 valore

146 1144 237 1209 laban
266 1138 423 1205 essentiali
452 1139 578 1221 qmdam
609 1156 713 1203 errore
741 1137 857 1215 vitiari,
886 1155 924 1198 ex
947 1137 1046 1201 oldaio
1066 1139 1104 1205 ad
1128 1138 1262 1202 eamdam
1285 1141 1506 1207 retraetandum

146 1247 308 1330 panaetium
325 1254 456 1313 teneturz
477 1250 575 1329 itaqua
597 1263 651 1307 uae
674 1241 813 1323 immdiri
835 1244 1010 1324 poematii,
1033 1250 1083 1327 qui
1104 1245 1270 1326 reintegra
1285 1249 1506 1311 matrimonium

148 1354 305 1421 amarandi
323 1352 378 1437 jus
400 1353 557 1431 baberent,
587 1372 625 1415 ne
645 1350 795 1433 ¹querelem
818 1361 987 1431 proponunt
1009 1351 1048 1415 de
1068 1372 1179 1424 emona,
1203 1357 1252 1417 aul
1273 1358 1425 1417 sententio
1442 1354 1508 1421 litia

147 1461 281 1527 daeatra
302 1461 407 1525 innixa
428 1461 531 1524 luerit
566 1460 706 1523 Attamen
727 1475 794 1521 eum
817 1476 872 1537 pro
894 1462 1042 1521 sententia
1062 1463 1095 1520 in
1110 1459 1209 1522 lorma
1226 1458 1307 1545 juris
1321 1460 1403 1523 dista
1415 1478 1508 1541 prae-

107 1616 110 1625 >
145 1574 259 1634 sumtio
277 1568 358 1655 juria
380 1566 506 1644 militat,
544 1566 582 1630 ad
611 1542 818 1629 insudandum
848 1580 1038 1644 processum,
1071 1585 1128 1646 quo
1151 1571 1506 1639 sententia'retraatatnu,

145 1676 306 1759 proaedere
332 1695 393 1739 non
421 1674 504 1751 beot,
521 1682 688 1756 antequam
718 1690 803 1735 error
830 1667 879 1732 vel
909 1668 998 1752 plane
1026 1672 1173 1753 probatus
1199 1670 1250 1736 rel
1283 1672 1320 1735 ad
1350 1676 1506 1761 minimum

145 1780 232 1847 ualde
258 1780 425 1863 probabilis
452 1783 574 1846 effeetus
605 1780 655 1844 sit.
701 1779 851 1851 Ponamns
871 1795 990 1855 aarum,
1012 1780 1126 1843 Titium
1149 1782 1181 1841 in
1202 1781 1351 1842 Ameriae.
1365 1779 1506 1843 Beatbuur

148 1908 275 1954 uxerem
297 1889 355 1952 rita
376 1889 513 1953 duxissa.
558 1889 591 1950 ln
612 1886 763 1968 Europam
785 1893 855 1966 post
877 1885 973 1948 redux
996 1904 1061 1948 oum
1078 1886 1166 1947 Anna
1188 1889 1405 1949 matrimonium
1431 1904 1507 1951 um·-

147 1995 247 2061 ustie.
290 1994 403 2059 dudleia
425 1993 463 2057 de
486 1994 639 2058 obtinente
658 1991 813 2073 ligaminis
835 1992 1047 2073 impedimento
1071 1993 1253 2074 afferuntur5
1274 2013 1433 2074 protessus
1456 1995 1508 2056 ia-

147 2105 285 2165 struitur.
331 2101 471 2165 Attamen
502 2101 602 2165 Titius
631 2098 814 2180 praetendit,
846 2118 879 2160 se
908 2116 974 2160 eum
997 2098 1105 2162 bertba
1136 2099 1253 2181 impura
1281 2099 1399 2183 quidem
1422 2119 1508 2163 uom-

39 2291 42 2295 .
145 2211 258 2271 meseia
285 2227 340 2288 per
368 2204 486 2289 aliquod
516 2214 633 2287 tempus
664 2203 823 2280 babuisse3
854 2204 892 2267 de
920 2205 1111 2269 matrimonio
1135 2206 1336 2270 connubendo
1358 2226 1395 2269 aa
1419 2205 1508 2289 eogi-

147 2318 260 2403 tasiase
282 2313 406 2395 quidem
455 2310 553 2384 Plura,
577 2330 737 2395 quaeram
760 2314 837 2373 satis
859 2310 1043 2392 probabilem
1065 2313 1210 2386 eldeiunt,
1231 2312 1425 2396 superaddit,
1454 2315 1507 2377 aad

147 2429 177 2484 et
198 2420 301 2485 literas
324 2419 456 2505 prefert,
481 2437 555 2502 quae
577 2417 715 2481 bertham
738 2437 755 2479 e
777 2417 854 2479 viris
878 2420 1048 2481 excessisse
1070 2425 1217 2483 nuntiant.
1240 2420 1372 2485 Partium
1387 2420 1508 2483 Aued-

147 2546 287 2591 aaaaruau
308 2525 479 2609 Episuopus
500 2526 658 2589 eonsultus
680 2524 858 2607 respondet,
888 2545 923 2588 se
952 2525 989 2588 de
1012 2527 1132 2606 negotio
1155 2527 1230 2589 nibil
1253 2531 1372 2590 omnino
1395 2528 1508 2591 restire

146 2634 297 2715 putruisset
319 2633 438 2715 quippe
451 2633 612 2703 uoloniam,
637 2636 670 2693 in
692 2651 748 2712 qus
769 2633 816 2693 vir
839 2641 908 2694 tune
931 2634 1039 2713 egerit,
1070 2631 1187 2696 uolonm
1209 2633 1249 2694 ad
1271 2632 1329 2695 alia
1352 2638 1509 2697 uonrersis

147 2737 336 2811 dissolutam,
360 2738 577 2820 presbyterum,
601 2733 650 2819 qui
673 2736 731 2800 leui
753 2735 834 2799 illius
858 2738 1019 2802 catholicos
1040 2740 1197 2821 aliqupties
1220 2759 1275 2820 per
1297 2756 1406 2801 annum
1429 2740 1507 2801 viai-

147 2859 211 2913 tata
224 2844 430 2925 eonsueuarit,
453 2853 620 2918 emortuum
634 2864 712 2908 esse.
758 2844 854 2926 igitur
875 2863 941 2908 oum
963 2845 1142 2926 praesumtio
1165 2854 1224 2911 stet
1238 2865 1295 2926 pro
1308 2847 1507 2918 matrimonio,

146 2956 296 3038 primast
319 2952 449 3017 seeuuda
473 2955 619 3016 instantia
641 2949 810 3036 eonjugium
840 2947 975 3014 validum
997 2962 1067 3015 esse
1085 2951 1210 3038 judicat.
1256 2953 1365 3015 Verum
1388 2952 1509 3015 biennio

146 3072 218 3145 post
247 3061 356 3147 Bastba
386 3062 453 3142 ipsa
487 3060 621 3136 advenit,
658 3059 840 3123 matrimonii
867 3059 1011 3122 contracti
1039 3067 1129 3121 testes
1159 3059 1300 3139 producit
1336 3061 1509 3141 litterasque

147 3164 368 3233 testimoniales
391 3166 513 3231 exbibet
534 3167 719 3249 presbyteri,
741 3165 826 3252 eujus
848 3168 1016 3249 lipiaeopus
1039 3170 1221 3238 meminerat,
1246 3184 1335 3229 manu
1357 3176 1509 3230 exaratus.

148 3273 209 3340 llis
231 3279 274 3339 ita
298 3274 472 3355 compositis
499 3275 687 3357 manifestum
710 3284 768 3353 est,
797 3274 875 3356 quod
907 3274 944 3337 ad
967 3276 1142 3337 seutentiam
1166 3274 1364 3338 revocandam
1387 3273 1509 3356 prooedi

149 3383 267 3448 debeat.
313 3380 424 3445 Mem
456 3378 552 3443 aderit
581 3381 762 3459 necessitas,
798 3383 825 3443 si
857 3403 883 3443 e.
915 3401 960 3462 gr.
989 3381 1136 3443 sententia
1164 3382 1224 3443 lata
1252 3384 1293 3443 sit
1323 3383 1354 3443 in
1376 3381 1509 3444 lavor-em

146 3490 328 3553 matrimonii
352 3496 482 3570 propter
512 3487 800 3569 oonsauguluitatem
830 3490 861 3548 in
889 3488 985 3567 gradu
1013 3492 1111 3567 primo
1137 3485 1232 3550 lineas
1255 3494 1444 3551 transversae
1468 3508 1504 3551 en

147 3596 256 3678 aopula
267 3595 375 3661 illinita
399 3595 547 3667 adausatit
570 3595 758 3676 postmodum
781 3602 877 3656 autem
901 3603 930 3656 et
953 3594 1079 3657 testibus
1101 3604 1131 3657 et
1154 3595 1340 3657 detumeatis
1355 3596 1510 3676 probetur,

147 3704 227 3787 quod
255 3723 363 3785 reapse
390 3702 478 3767 tremi
507 3721 595 3765 soror
625 3701 775 3782 nupserit,
806 3710 928 3782 utroque
957 3706 988 3762 iu
1017 3700 1112 3764 libros
1144 3700 1338 3782 baptismales
1368 3701 1429 3764 alio
1451 3701 1507 3763 sub

147 3814 270 3875 nomine
292 3811 387 3875 relato
409 3817 439 3872 et
460 3809 536 3872 louis
559 3809 674 3873 dissitis
697 3807 835 3873 enutrito.
881 3810 977 3875 Neruo
1000 3816 1097 3873 umen
1126 3828 1186 3872 non
1207 3808 1305 3887 uidet,
1334 3812 1509 3871 rarissimos

147 3938 217 3984 esse
241 3917 413 4005 bujasmodi
435 3936 534 3980 ausus.
570 3915 707 3980 Ceterum
732 3915 779 3979 ubi
802 3915 839 3978 de
861 3914 1074 3996 impedimento
1094 3925 1202 3996 agatur
1224 3912 1292 3997 lage
1307 3916 1509 3995 eeclesiastlea

146 4032 279 4098 statuto,
310 4022 428 4087 dumam
458 4042 517 4086 non
547 4032 612 4099 est,
641 4023 719 4104 quod
749 4024 857 4085 &nuta
880 4023 972 4086 Sedes
995 4020 1249 4103 dispensationem
1277 4022 1427 4085 iadrdturu
1450 4025 1508 4095 sitq

145 4133 210 4196 imo
230 4152 289 4213 pro
310 4151 342 4194 rs
365 4140 436 4195 nata
459 4130 548 4194 etiam
571 4134 687 4193 sanatio
710 4135 741 4192 in
765 4129 864 4192 radiae
886 4132 1040 4210 impetrari
1063 4131 1181 4211 poterit.

284 4238 366 4302 Haeo
388 4237 426 4301 de
440 4236 671 4320 impedimentis,
694 4255 816 4318 quorum
840 4237 1001 4299 existentia
1023 4235 1217 4323 aeoujugum
1233 4233 1385 4299 voluntate
1407 4234 1509 4301 uulla-

151 4354 239 4411 tenus
261 4345 380 4428 pendet.
418 4341 533 4427 Quodsi
556 4352 654 4407 autem
678 4343 810 4405 revocari
834 4343 900 4425 quis
923 4352 1005 4424 petat
1027 4345 1214 4422 sententiam,
1237 4362 1310 4426 quae
1324 4331 1510 4406 confirmarit

148 4452 373 4517 matrimonium
396 4451 433 4513 de
454 4456 486 4513 vi
508 4460 537 4513 et
559 4460 648 4522 matu,
671 4449 708 4512 de
732 4469 833 4513 errore
854 4460 905 4513 aut
927 4451 963 4513 de
984 4470 1128 4515 consensu
1151 4452 1220 4515 liuto
1243 4449 1423 4528 adamatum,
1448 4468 1507 4515 nou

146 4559 314 4625 audiendus
344 4558 403 4621 sed
432 4560 551 4640 querela
580 4559 646 4644 ejus
672 4555 852 4638 simpliciter
878 4557 1137 4639 repellendueat3
1167 4558 1236 4619 talis
1259 4562 1339 4620 euim
1361 4561 1511 4635 sententia

148 4680 303 4750 annqrmm
320 4670 416 4728 nutrit
429 4673 591 4746 peceatum,
614 4655 701 4747 quod
714 4665 843 4746 partium
866 4684 1012 4728 consensu
1033 4662 1101 4729 tolli
1115 4674 1258 4745 usqueatq
1281 4670 1308 4728 si
1330 4665 1454 4744 aecidat,
1477 4676 1510 4729 ut

148 4774 329 4862 injustitiam
353 4772 518 4845 aaronem,
543 4793 579 4835 ea
600 4780 697 4835 tamen
720 4772 880 4858 conjugum
902 4781 982 4837 torte
1004 4788 1152 4836 consensu
1167 4772 1408 4854 remitti-potest:
1432 4773 1510 4836 urade

148 4881 195 4949 nil
222 4881 366 4964 impedit,
398 4880 468 4964 quin
491 4878 546 4966 jus
573 4881 652 4947 ieter
682 4888 783 4962 partes
814 4880 913 4963 laetat.
958 4877 1052 4963 igitur
1073 4886 1141 4960 post
1163 4876 1309 4965 ejuanmdl
1330 4882 1504 4947 sententiam
