<?xml version="1.0" encoding="UTF-8"?>
<!DOCTYPE html PUBLIC "-//W3C//DTD XHTML 1.0 Transitional//EN"
    "http://www.w3.org/TR/xhtml1/DTD/xhtml1-transitional.dtd">
<html xmlns="http://www.w3.org/1999/xhtml" xml:lang="en" lang="en">
 <head>
  <title>
</title>
<meta http-equiv="Content-Type" content="text/html;charset=utf-8" />
  <meta name='ocr-system' content='tesseract 3.04.00' />
  <meta name='ocr-capabilities' content='ocr_page ocr_carea ocr_par ocr_line ocrx_word'/>
</head>
<body>
  <div class='ocr_page' id='page_1' title='image "./archivfrkatholi08jurigoog_0789.png"; bbox 0 0 3372 5232; ppageno 0'>
   <div class='ocr_carea' id='block_1_1' title="bbox 1372 133 1449 234">
    <p class='ocr_par' dir='ltr' id='par_1_1' title="bbox 1372 133 1449 234">
     <span class='ocr_line' id='line_1_1' title="bbox 1372 133 1449 234; baseline 0 -15"><span class='ocrx_word' id='word_1_1' title='bbox 1372 133 1449 234; x_wconf 81' lang='lat' dir='ltr'><strong>tut</strong></span> 
     </span>
    </p>
   </div>
   <div class='ocr_carea' id='block_1_2' title="bbox 91 321 1477 1487">
    <p class='ocr_par' dir='ltr' id='par_1_2' title="bbox 91 321 1477 631">
     <span class='ocr_line' id='line_1_2' title="bbox 100 321 1452 420; baseline 0.002 -21"><span class='ocrx_word' id='word_1_2' title='bbox 100 351 208 414; x_wconf 83' lang='lat' dir='ltr'><strong>mores,</strong></span> <span class='ocrx_word' id='word_1_3' title='bbox 232 350 267 400; x_wconf 85' lang='lat' dir='ltr'><strong>ue</strong></span> <span class='ocrx_word' id='word_1_4' title='bbox 290 337 338 402; x_wconf 90' lang='lat' dir='ltr'><strong>sul</strong></span> <span class='ocrx_word' id='word_1_5' title='bbox 359 355 443 420; x_wconf 89' lang='lat' dir='ltr'><strong>spem</strong></span> <span class='ocrx_word' id='word_1_6' title='bbox 466 337 615 418; x_wconf 85' lang='lat' dir='ltr'><strong>exhibeat,</strong></span> <span class='ocrx_word' id='word_1_7' title='bbox 637 321 816 404; x_wconf 80' lang='lat' dir='ltr'><strong>demittetur.</strong></span> <span class='ocrx_word' id='word_1_8' title='bbox 860 339 977 404; x_wconf 79' lang='lat' dir='ltr'><strong>Etenim</strong></span> <span class='ocrx_word' id='word_1_9' title='bbox 993 337 1188 403; x_wconf 81' lang='lat' dir='ltr'><strong>Seminarium</strong></span> <span class='ocrx_word' id='word_1_10' title='bbox 1202 337 1286 402; x_wconf 89' lang='lat' dir='ltr'><strong>Pium</strong></span> <span class='ocrx_word' id='word_1_11' title='bbox 1309 357 1345 401; x_wconf 89' lang='lat' dir='ltr'><strong>eo</strong></span> <span class='ocrx_word' id='word_1_12' title='bbox 1369 339 1452 402; x_wconf 88' lang='lat' dir='ltr'><strong>unice</strong></span> 
     </span>
     <span class='ocr_line' id='line_1_3' title="bbox 99 427 1477 530; baseline 0.003 -26"><span class='ocrx_word' id='word_1_13' title='bbox 99 453 226 526; x_wconf 88' lang='lat' dir='ltr'><strong>spectat,</strong></span> <span class='ocrx_word' id='word_1_14' title='bbox 264 450 296 505; x_wconf 92' lang='lat' dir='ltr'><strong>ut</strong></span> <span class='ocrx_word' id='word_1_15' title='bbox 325 444 518 518; x_wconf 81' lang='lat' dir='ltr'><strong>ecelesiastici</strong></span> <span class='ocrx_word' id='word_1_16' title='bbox 548 447 738 510; x_wconf 75' lang='lat' dir='ltr'><strong>instituantur</strong></span> <span class='ocrx_word' id='word_1_17' title='bbox 765 447 821 508; x_wconf 88' lang='lat' dir='ltr'><strong>viri</strong></span> <span class='ocrx_word' id='word_1_18' title='bbox 856 447 933 510; x_wconf 91' lang='lat' dir='ltr'><strong>buno</strong></span> <span class='ocrx_word' id='word_1_19' title='bbox 962 427 1102 528; x_wconf 81' lang='lat' dir='ltr'><strong>proprius</strong></span> <span class='ocrx_word' id='word_1_20' title='bbox 1136 443 1278 530; x_wconf 89' lang='lat' dir='ltr'><strong>cujusque</strong></span> <span class='ocrx_word' id='word_1_21' title='bbox 1304 442 1477 508; x_wconf 72' lang='lat' dir='ltr'><strong>Ecclesine&#39;</strong></span> 
     </span>
     <span class='ocr_line' id='line_1_4' title="bbox 91 549 255 631; baseline -0.012 -19"><span class='ocrx_word' id='word_1_22' title='bbox 91 549 255 631; x_wconf 62' lang='lat' dir='ltr'><strong>‘pmlueturh</strong></span> 
     </span>
    </p>

    <p class='ocr_par' dir='ltr' id='par_1_3' title="bbox 99 657 1452 964">
     <span class='ocr_line' id='line_1_5' title="bbox 231 657 1452 742; baseline 0.001 -22"><span class='ocrx_word' id='word_1_23' title='bbox 231 659 310 720; x_wconf 88' lang='lat' dir='ltr'><strong>Sane</strong></span> <span class='ocrx_word' id='word_1_24' title='bbox 332 665 487 739; x_wconf 85' lang='lat' dir='ltr'><strong>praeterea</strong></span> <span class='ocrx_word' id='word_1_25' title='bbox 514 657 575 722; x_wconf 86' lang='lat' dir='ltr'><strong>sint</strong></span> <span class='ocrx_word' id='word_1_26' title='bbox 606 679 748 740; x_wconf 88' lang='lat' dir='ltr'><strong>corpure,</strong></span> <span class='ocrx_word' id='word_1_27' title='bbox 778 662 882 742; x_wconf 84' lang='lat' dir='ltr'><strong>lingua</strong></span> <span class='ocrx_word' id='word_1_28' title='bbox 913 662 1034 724; x_wconf 88' lang='lat' dir='ltr'><strong>minime</strong></span> <span class='ocrx_word' id='word_1_29' title='bbox 1065 659 1221 741; x_wconf 85' lang='lat' dir='ltr'><strong>impedite,</strong></span> <span class='ocrx_word' id='word_1_30' title='bbox 1252 667 1282 720; x_wconf 92' lang='lat' dir='ltr'><strong>et</strong></span> <span class='ocrx_word' id='word_1_31' title='bbox 1311 657 1452 740; x_wconf 81' lang='lat' dir='ltr'><strong>adspectu</strong></span> 
     </span>
     <span class='ocr_line' id='line_1_6' title="bbox 99 745 1451 848; baseline 0.002 -23"><span class='ocrx_word' id='word_1_32' title='bbox 99 745 158 826; x_wconf 81' lang='lat' dir='ltr'><strong>nou</strong></span> <span class='ocrx_word' id='word_1_33' title='bbox 182 763 326 836; x_wconf 80' lang='lat' dir='ltr'><strong>delurmi3</strong></span> <span class='ocrx_word' id='word_1_34' title='bbox 355 765 556 829; x_wconf 74' lang='lat' dir='ltr'><strong>Grammatica</strong></span> <span class='ocrx_word' id='word_1_35' title='bbox 578 785 612 828; x_wconf 87' lang='lat' dir='ltr'><strong>ac</strong></span> <span class='ocrx_word' id='word_1_36' title='bbox 637 765 795 830; x_wconf 77' lang='lat' dir='ltr'><strong>Rhetorica</strong></span> <span class='ocrx_word' id='word_1_37' title='bbox 817 765 922 848; x_wconf 82' lang='lat' dir='ltr'><strong>periti,</strong></span> <span class='ocrx_word' id='word_1_38' title='bbox 953 782 1020 828; x_wconf 89' lang='lat' dir='ltr'><strong>nam</strong></span> <span class='ocrx_word' id='word_1_39' title='bbox 1046 764 1129 828; x_wconf 88' lang='lat' dir='ltr'><strong>hisce</strong></span> <span class='ocrx_word' id='word_1_40' title='bbox 1153 764 1189 828; x_wconf 88' lang='lat' dir='ltr'><strong>de</strong></span> <span class='ocrx_word' id='word_1_41' title='bbox 1212 761 1303 842; x_wconf 75' lang='lat' dir='ltr'><strong>rebus</strong></span> <span class='ocrx_word' id='word_1_42' title='bbox 1326 783 1451 830; x_wconf 77' lang='lat' dir='ltr'>examen</span> 
     </span>
     <span class='ocr_line' id='line_1_7' title="bbox 100 871 271 964; baseline 0.006 -33"><span class='ocrx_word' id='word_1_43' title='bbox 100 871 271 964; x_wconf 38' lang='lat' dir='ltr'><strong>habebitur-¹</strong></span> 
     </span>
    </p>

    <p class='ocr_par' dir='ltr' id='par_1_4' title="bbox 91 976 1454 1487">
     <span class='ocr_line' id='line_1_8' title="bbox 231 976 1454 1074; baseline 0.002 -34"><span class='ocrx_word' id='word_1_44' title='bbox 231 977 344 1042; x_wconf 83' lang='lat' dir='ltr'>Omnes</span> <span class='ocrx_word' id='word_1_45' title='bbox 360 984 477 1060; x_wconf 89' lang='lat' dir='ltr'><strong>proprii</strong></span> <span class='ocrx_word' id='word_1_46' title='bbox 491 979 625 1063; x_wconf 76' lang='lat' dir='ltr'><strong>episcopi</strong></span> <span class='ocrx_word' id='word_1_47' title='bbox 640 980 811 1044; x_wconf 88' lang='lat' dir='ltr'><strong>testimonio</strong></span> <span class='ocrx_word' id='word_1_48' title='bbox 826 984 886 1049; x_wconf 91' lang='lat' dir='ltr'><strong>sint</strong></span> <span class='ocrx_word' id='word_1_49' title='bbox 901 979 1038 1074; x_wconf 89' lang='lat' dir='ltr'><strong>praediti,</strong></span> <span class='ocrx_word' id='word_1_50' title='bbox 1062 984 1095 1042; x_wconf 91' lang='lat' dir='ltr'><strong>in</strong></span> <span class='ocrx_word' id='word_1_51' title='bbox 1109 997 1166 1060; x_wconf 91' lang='lat' dir='ltr'><strong>quo</strong></span> <span class='ocrx_word' id='word_1_52' title='bbox 1181 977 1302 1057; x_wconf 87' lang='lat' dir='ltr'><strong>eluceat,</strong></span> <span class='ocrx_word' id='word_1_53' title='bbox 1318 976 1454 1042; x_wconf 86' lang='lat' dir='ltr'><strong>Clericus</strong></span> 
     </span>
     <span class='ocr_line' id='line_1_9' title="bbox 98 1069 1453 1170; baseline 0.002 -24"><span class='ocrx_word' id='word_1_54' title='bbox 98 1103 131 1148; x_wconf 86' lang='lat' dir='ltr'><strong>ea</strong></span> <span class='ocrx_word' id='word_1_55' title='bbox 152 1085 183 1147; x_wconf 90' lang='lat' dir='ltr'><strong>in</strong></span> <span class='ocrx_word' id='word_1_56' title='bbox 199 1085 339 1148; x_wconf 88' lang='lat' dir='ltr'><strong>Dioecesi</strong></span> <span class='ocrx_word' id='word_1_57' title='bbox 361 1093 443 1148; x_wconf 88' lang='lat' dir='ltr'><strong>ortos</strong></span> <span class='ocrx_word' id='word_1_58' title='bbox 467 1107 532 1150; x_wconf 89' lang='lat' dir='ltr'><strong>esse</strong></span> <span class='ocrx_word' id='word_1_59' title='bbox 556 1105 592 1150; x_wconf 89' lang='lat' dir='ltr'><strong>ex</strong></span> <span class='ocrx_word' id='word_1_60' title='bbox 617 1087 753 1151; x_wconf 77' lang='lat' dir='ltr'><strong>honestis</strong></span> <span class='ocrx_word' id='word_1_61' title='bbox 776 1069 957 1170; x_wconf 86' lang='lat' dir='ltr'><strong>parentibus,</strong></span> <span class='ocrx_word' id='word_1_62' title='bbox 980 1083 1092 1149; x_wconf 84' lang='lat' dir='ltr'><strong>nullam</strong></span> <span class='ocrx_word' id='word_1_63' title='bbox 1114 1085 1336 1148; x_wconf 89' lang='lat' dir='ltr'><strong>sordescentem</strong></span> <span class='ocrx_word' id='word_1_64' title='bbox 1359 1093 1453 1149; x_wconf 88' lang='lat' dir='ltr'><strong>artem</strong></span> 
     </span>
     <span class='ocr_line' id='line_1_10' title="bbox 99 1192 1453 1286; baseline 0.001 -32"><span class='ocrx_word' id='word_1_65' title='bbox 99 1192 320 1267; x_wconf 83' lang='lat' dir='ltr'><strong>exercentibus,</strong></span> <span class='ocrx_word' id='word_1_66' title='bbox 342 1192 440 1286; x_wconf 87' lang='lat' dir='ltr'><strong>ibique</strong></span> <span class='ocrx_word' id='word_1_67' title='bbox 456 1192 636 1257; x_wconf 80' lang='lat' dir='ltr'><strong>domicilium</strong></span> <span class='ocrx_word' id='word_1_68' title='bbox 655 1195 781 1266; x_wconf 85' lang='lat' dir='ltr'><strong>hebere·</strong></span> <span class='ocrx_word' id='word_1_69' title='bbox 799 1213 836 1257; x_wconf 89' lang='lat' dir='ltr'><strong>ex</strong></span> <span class='ocrx_word' id='word_1_70' title='bbox 852 1193 954 1256; x_wconf 87' lang='lat' dir='ltr'><strong>eedem</strong></span> <span class='ocrx_word' id='word_1_71' title='bbox 970 1201 1122 1274; x_wconf 87' lang='lat' dir='ltr'><strong>praeterea</strong></span> <span class='ocrx_word' id='word_1_72' title='bbox 1138 1192 1312 1255; x_wconf 88' lang='lat' dir='ltr'><strong>testimonie</strong></span> <span class='ocrx_word' id='word_1_73' title='bbox 1329 1200 1453 1268; x_wconf 85' lang='lat' dir='ltr'><strong>constet,</strong></span> 
     </span>
     <span class='ocr_line' id='line_1_11' title="bbox 91 1281 1452 1381; baseline 0.001 -20"><span class='ocrx_word' id='word_1_74' title='bbox 91 1281 230 1361; x_wconf 81' lang='lat' dir='ltr'><strong>Clericus</strong></span> <span class='ocrx_word' id='word_1_75' title='bbox 257 1303 343 1380; x_wconf 86' lang='lat' dir='ltr'><strong>ipsos</strong></span> <span class='ocrx_word' id='word_1_76' title='bbox 371 1308 497 1381; x_wconf 88' lang='lat' dir='ltr'><strong>propter</strong></span> <span class='ocrx_word' id='word_1_77' title='bbox 526 1301 619 1364; x_wconf 87' lang='lat' dir='ltr'><strong>banos</strong></span> <span class='ocrx_word' id='word_1_78' title='bbox 651 1321 752 1364; x_wconf 86' lang='lat' dir='ltr'><strong>eurum</strong></span> <span class='ocrx_word' id='word_1_79' title='bbox 783 1317 881 1364; x_wconf 88' lang='lat' dir='ltr'><strong>mores</strong></span> <span class='ocrx_word' id='word_1_80' title='bbox 904 1299 1043 1363; x_wconf 84' lang='lat' dir='ltr'><strong>Diocaesi</strong></span> <span class='ocrx_word' id='word_1_81' title='bbox 1073 1299 1179 1378; x_wconf 85' lang='lat' dir='ltr'><strong>utiles,</strong></span> <span class='ocrx_word' id='word_1_82' title='bbox 1211 1309 1240 1362; x_wconf 92' lang='lat' dir='ltr'><strong>et</strong></span> <span class='ocrx_word' id='word_1_83' title='bbox 1263 1301 1326 1364; x_wconf 86' lang='lat' dir='ltr'><strong>Deo</strong></span> <span class='ocrx_word' id='word_1_84' title='bbox 1350 1297 1452 1364; x_wconf 83' lang='lat' dir='ltr'><strong>fideles</strong></span> 
     </span>
     <span class='ocr_line' id='line_1_12' title="bbox 99 1404 379 1487; baseline 0.007 -21"><span class='ocrx_word' id='word_1_85' title='bbox 99 1404 281 1487; x_wconf 81' lang='lat' dir='ltr'><strong>devotosque</strong></span> <span class='ocrx_word' id='word_1_86' title='bbox 304 1405 379 1470; x_wconf 87' lang='lat' dir='ltr'><strong>lora</strong></span> 
     </span>
    </p>
   </div>
   <div class='ocr_carea' id='block_1_3' title="bbox 576 1618 972 1786">
    <p class='ocr_par' dir='ltr' id='par_1_5' title="bbox 576 1618 972 1786">
     <span class='ocr_line' id='line_1_13' title="bbox 660 1618 892 1677; baseline -0.013 0"><span class='ocrx_word' id='word_1_87' title='bbox 660 1618 830 1677; x_wconf 73' lang='grc' dir='ltr'>Τιιιιιιιε</span> <span class='ocrx_word' id='word_1_88' title='bbox 855 1621 892 1674; x_wconf 70' lang='lat' dir='ltr'><strong>V.</strong></span> 
     </span>
     <span class='ocr_line' id='line_1_14' title="bbox 576 1719 972 1786; baseline -0.01 -1"><span class='ocrx_word' id='word_1_89' title='bbox 576 1719 626 1785; x_wconf 81' lang='lat' dir='ltr'><strong>De</strong></span> <span class='ocrx_word' id='word_1_90' title='bbox 648 1723 818 1786; x_wconf 79' lang='lat' dir='ltr'><strong>studiorum</strong></span> <span class='ocrx_word' id='word_1_91' title='bbox 840 1722 972 1784; x_wconf 78' lang='lat' dir='ltr'><strong>ratione.</strong></span> 
     </span>
    </p>
   </div>
   <div class='ocr_carea' id='block_1_4' title="bbox 21 1875 1453 2826">
    <p class='ocr_par' dir='ltr' id='par_1_6' title="bbox 88 1875 1453 2614">
     <span class='ocr_line' id='line_1_15' title="bbox 229 1875 1453 1964; baseline -0.003 -20"><span class='ocrx_word' id='word_1_92' title='bbox 229 1880 376 1948; x_wconf 79' lang='lat' dir='ltr'><strong>Juvenum</strong></span> <span class='ocrx_word' id='word_1_93' title='bbox 398 1883 505 1964; x_wconf 88' lang='lat' dir='ltr'><strong>peritia</strong></span> <span class='ocrx_word' id='word_1_94' title='bbox 519 1884 656 1946; x_wconf 89' lang='lat' dir='ltr'><strong>instituto</strong></span> <span class='ocrx_word' id='word_1_95' title='bbox 679 1887 815 1946; x_wconf 79' lang='lat' dir='ltr'><strong>examine</strong></span> <span class='ocrx_word' id='word_1_96' title='bbox 838 1882 1036 1964; x_wconf 84' lang='lat' dir='ltr'><strong>dignoscetur.</strong></span> <span class='ocrx_word' id='word_1_97' title='bbox 1083 1879 1253 1943; x_wconf 73' lang='lat' dir='ltr'><strong>Studiorum</strong></span> <span class='ocrx_word' id='word_1_98' title='bbox 1276 1875 1453 1942; x_wconf 88' lang='lat' dir='ltr'><strong>curriculum</strong></span> 
     </span>
     <span class='ocr_line' id='line_1_16' title="bbox 96 1980 1453 2078; baseline -0.004 -28"><span class='ocrx_word' id='word_1_99' title='bbox 96 1987 127 2050; x_wconf 90' lang='lat' dir='ltr'><strong>ia</strong></span> <span class='ocrx_word' id='word_1_100' title='bbox 150 1988 316 2070; x_wconf 70' lang='lat' dir='ltr'><strong>seminario</strong></span> <span class='ocrx_word' id='word_1_101' title='bbox 339 1988 393 2054; x_wconf 90' lang='lat' dir='ltr'><strong>Pio</strong></span> <span class='ocrx_word' id='word_1_102' title='bbox 419 2010 438 2053; x_wconf 87' lang='lat' dir='ltr'><strong>a</strong></span> <span class='ocrx_word' id='word_1_103' title='bbox 459 1989 653 2072; x_wconf 88' lang='lat' dir='ltr'><strong>Philosophia</strong></span> <span class='ocrx_word' id='word_1_104' title='bbox 681 1990 796 2053; x_wconf 90' lang='lat' dir='ltr'><strong>initium</strong></span> <span class='ocrx_word' id='word_1_105' title='bbox 825 1989 922 2051; x_wconf 88' lang='lat' dir='ltr'><strong>ducet.</strong></span> <span class='ocrx_word' id='word_1_106' title='bbox 967 1987 1034 2052; x_wconf 86' lang='lat' dir='ltr'><strong>Hae</strong></span> <span class='ocrx_word' id='word_1_107' title='bbox 1061 1996 1158 2072; x_wconf 87' lang='lat' dir='ltr'><strong>autem</strong></span> <span class='ocrx_word' id='word_1_108' title='bbox 1187 1980 1345 2078; x_wconf 80' lang='lat' dir='ltr'><strong>facultates</strong></span> <span class='ocrx_word' id='word_1_109' title='bbox 1368 1992 1453 2048; x_wconf 88' lang='lat' dir='ltr'><strong>erunt</strong></span> 
     </span>
     <span class='ocr_line' id='line_1_17' title="bbox 88 2091 1452 2183; baseline -0.004 -25"><span class='ocrx_word' id='word_1_110' title='bbox 88 2091 294 2176; x_wconf 49' lang='lat' dir='ltr'><strong>‚mouendae</strong></span> <span class='ocrx_word' id='word_1_111' title='bbox 312 2096 402 2183; x_wconf 85' lang='lat' dir='ltr'><strong>juxta</strong></span> <span class='ocrx_word' id='word_1_112' title='bbox 423 2097 592 2162; x_wconf 86' lang='lat' dir='ltr'><strong>methodum</strong></span> <span class='ocrx_word' id='word_1_113' title='bbox 614 2097 800 2162; x_wconf 85' lang='lat' dir='ltr'><strong>statuendam</strong></span> <span class='ocrx_word' id='word_1_114' title='bbox 823 2095 938 2160; x_wconf 87' lang='lat' dir='ltr'><strong>scilicet</strong></span> <span class='ocrx_word' id='word_1_115' title='bbox 961 2095 1099 2158; x_wconf 85' lang='lat' dir='ltr'><strong>universa</strong></span> <span class='ocrx_word' id='word_1_116' title='bbox 1121 2093 1323 2175; x_wconf 76' lang='lat' dir='ltr'><strong>Philosophia,</strong></span> <span class='ocrx_word' id='word_1_117' title='bbox 1348 2092 1452 2154; x_wconf 83' lang='lat' dir='ltr'><strong>Theu-</strong></span> 
     </span>
     <span class='ocr_line' id='line_1_18' title="bbox 95 2192 1451 2296; baseline -0.001 -32"><span class='ocrx_word' id='word_1_118' title='bbox 95 2202 176 2284; x_wconf 84' lang='lat' dir='ltr'><strong>logia</strong></span> <span class='ocrx_word' id='word_1_119' title='bbox 191 2201 359 2285; x_wconf 86' lang='lat' dir='ltr'><strong>dogmatica</strong></span> <span class='ocrx_word' id='word_1_120' title='bbox 374 2213 402 2268; x_wconf 87' lang='lat' dir='ltr'><strong>et</strong></span> <span class='ocrx_word' id='word_1_121' title='bbox 418 2205 550 2284; x_wconf 87' lang='lat' dir='ltr'><strong>moralis,</strong></span> <span class='ocrx_word' id='word_1_122' title='bbox 572 2192 750 2270; x_wconf 75' lang='lat' dir='ltr'><strong>Diuinorum</strong></span> <span class='ocrx_word' id='word_1_123' title='bbox 765 2204 926 2270; x_wconf 86' lang='lat' dir='ltr'><strong>Librorum</strong></span> <span class='ocrx_word' id='word_1_124' title='bbox 943 2212 972 2266; x_wconf 90' lang='lat' dir='ltr'><strong>et</strong></span> <span class='ocrx_word' id='word_1_125' title='bbox 987 2205 1163 2296; x_wconf 83' lang='lat' dir='ltr'><strong>Sanctorum</strong></span> <span class='ocrx_word' id='word_1_126' title='bbox 1178 2201 1299 2264; x_wconf 78' lang='lat' dir='ltr'><strong>Patrium</strong></span> <span class='ocrx_word' id='word_1_127' title='bbox 1318 2197 1451 2279; x_wconf 84' lang='lat' dir='ltr'><strong>scientia,</strong></span> 
     </span>
     <span class='ocr_line' id='line_1_19' title="bbox 97 2305 1452 2402; baseline 0.001 -33"><span class='ocrx_word' id='word_1_128' title='bbox 97 2309 197 2390; x_wconf 84' lang='lat' dir='ltr'><strong>lingua</strong></span> <span class='ocrx_word' id='word_1_129' title='bbox 220 2308 370 2394; x_wconf 83' lang='lat' dir='ltr'><strong>hebraica,</strong></span> <span class='ocrx_word' id='word_1_130' title='bbox 392 2330 509 2391; x_wconf 84' lang='lat' dir='ltr'><strong>graeca,</strong></span> <span class='ocrx_word' id='word_1_131' title='bbox 531 2313 657 2376; x_wconf 87' lang='lat' dir='ltr'><strong>historia</strong></span> <span class='ocrx_word' id='word_1_132' title='bbox 671 2309 885 2402; x_wconf 77' lang='lat' dir='ltr'><strong>ecclesiastica,</strong></span> <span class='ocrx_word' id='word_1_133' title='bbox 907 2313 986 2374; x_wconf 89' lang='lat' dir='ltr'><strong>sacri</strong></span> <span class='ocrx_word' id='word_1_134' title='bbox 1009 2313 1096 2388; x_wconf 88' lang='lat' dir='ltr'><strong>ritus,</strong></span> <span class='ocrx_word' id='word_1_135' title='bbox 1120 2311 1247 2390; x_wconf 86' lang='lat' dir='ltr'><strong>itemque</strong></span> <span class='ocrx_word' id='word_1_136' title='bbox 1268 2308 1325 2374; x_wconf 84' lang='lat' dir='ltr'><strong>duce</strong></span> <span class='ocrx_word' id='word_1_137' title='bbox 1349 2305 1452 2370; x_wconf 86' lang='lat' dir='ltr'><strong>Cano-</strong></span> 
     </span>
     <span class='ocr_line' id='line_1_20' title="bbox 97 2397 1452 2506; baseline -0.001 -29"><span class='ocrx_word' id='word_1_138' title='bbox 97 2417 193 2477; x_wconf 87' lang='lat' dir='ltr'><strong>nicum</strong></span> <span class='ocrx_word' id='word_1_139' title='bbox 217 2397 333 2494; x_wconf 82' lang='lat' dir='ltr'><strong>civile,¹</strong></span> <span class='ocrx_word' id='word_1_140' title='bbox 346 2428 377 2506; x_wconf 77' lang='lat' dir='ltr'><strong>et</strong></span> <span class='ocrx_word' id='word_1_141' title='bbox 400 2419 554 2480; x_wconf 89' lang='lat' dir='ltr'><strong>criminale</strong></span> <span class='ocrx_word' id='word_1_142' title='bbox 576 2419 701 2482; x_wconf 79' lang='lat' dir='ltr'><strong>vicariis</strong></span> <span class='ocrx_word' id='word_1_143' title='bbox 730 2418 907 2500; x_wconf 89' lang='lat' dir='ltr'><strong>praesertim</strong></span> <span class='ocrx_word' id='word_1_144' title='bbox 933 2416 1128 2482; x_wconf 81' lang='lat' dir='ltr'><strong>Generalibus</strong></span> <span class='ocrx_word' id='word_1_145' title='bbox 1151 2414 1199 2478; x_wconf 83' lang='lat' dir='ltr'><strong>vel</strong></span> <span class='ocrx_word' id='word_1_146' title='bbox 1222 2415 1352 2478; x_wconf 86' lang='lat' dir='ltr'><strong>maxime</strong></span> <span class='ocrx_word' id='word_1_147' title='bbox 1381 2410 1452 2476; x_wconf 88' lang='lat' dir='ltr'><strong>utile</strong></span> 
     </span>
     <span class='ocr_line' id='line_1_21' title="bbox 89 2526 360 2614; baseline -0.022 -24"><span class='ocrx_word' id='word_1_148' title='bbox 89 2531 129 2590; x_wconf 81' lang='grc' dir='ltr'><strong>,ιι</strong></span> <span class='ocrx_word' id='word_1_149' title='bbox 151 2526 360 2614; x_wconf 83' lang='lat' dir='ltr'><strong>necessarium.</strong></span> 
     </span>
    </p>

    <p class='ocr_par' dir='ltr' id='par_1_7' title="bbox 21 2627 1452 2826">
     <span class='ocr_line' id='line_1_22' title="bbox 232 2627 1452 2716; baseline -0.005 -22"><span class='ocrx_word' id='word_1_150' title='bbox 232 2629 345 2694; x_wconf 87' lang='lat' dir='ltr'><strong>Cantus</strong></span> <span class='ocrx_word' id='word_1_151' title='bbox 361 2631 573 2714; x_wconf 81' lang='lat' dir='ltr'><strong>Gregorieuus,</strong></span> <span class='ocrx_word' id='word_1_152' title='bbox 599 2632 678 2696; x_wconf 88' lang='lat' dir='ltr'><strong>omui</strong></span> <span class='ocrx_word' id='word_1_153' title='bbox 701 2628 763 2694; x_wconf 89' lang='lat' dir='ltr'><strong>alia</strong></span> <span class='ocrx_word' id='word_1_154' title='bbox 786 2627 909 2716; x_wconf 84' lang='lat' dir='ltr'><strong>rejecto,</strong></span> <span class='ocrx_word' id='word_1_155' title='bbox 932 2629 1074 2707; x_wconf 85' lang='lat' dir='ltr'><strong>tradetur,</strong></span> <span class='ocrx_word' id='word_1_156' title='bbox 1096 2635 1185 2716; x_wconf 86' lang='lat' dir='ltr'><strong>atque</strong></span> <span class='ocrx_word' id='word_1_157' title='bbox 1209 2645 1283 2689; x_wconf 79' lang='lat' dir='ltr'><strong>unum</strong></span> <span class='ocrx_word' id='word_1_158' title='bbox 1306 2627 1361 2689; x_wconf 89' lang='lat' dir='ltr'><strong>erit</strong></span> <span class='ocrx_word' id='word_1_159' title='bbox 1383 2645 1452 2688; x_wconf 92' lang='lat' dir='ltr'><strong>ma-</strong></span> 
     </span>
     <span class='ocr_line' id='line_1_23' title="bbox 21 2732 1137 2826; baseline -0.008 -24"><span class='ocrx_word' id='word_1_160' title='bbox 21 2797 24 2802; x_wconf 91' lang='grc'><em>,</em></span> <span class='ocrx_word' id='word_1_161' title='bbox 99 2739 191 2820; x_wconf 79' lang='lat' dir='ltr'><strong>gustu</strong></span> <span class='ocrx_word' id='word_1_162' title='bbox 213 2757 270 2826; x_wconf 81' lang='lat' dir='ltr'><strong>pre</strong></span> <span class='ocrx_word' id='word_1_163' title='bbox 293 2747 415 2822; x_wconf 87' lang='lat' dir='ltr'><strong>utruque</strong></span> <span class='ocrx_word' id='word_1_164' title='bbox 435 2738 612 2818; x_wconf 68' lang='lat' dir='ltr'><strong>seminario,</strong></span> <span class='ocrx_word' id='word_1_165' title='bbox 635 2736 689 2801; x_wconf 90' lang='lat' dir='ltr'><strong>sed</strong></span> <span class='ocrx_word' id='word_1_166' title='bbox 712 2736 832 2800; x_wconf 80' lang='lat' dir='ltr'><strong>diverso</strong></span> <span class='ocrx_word' id='word_1_167' title='bbox 854 2743 985 2818; x_wconf 89' lang='lat' dir='ltr'><strong>tempore</strong></span> <span class='ocrx_word' id='word_1_168' title='bbox 1007 2742 1036 2798; x_wconf 89' lang='lat' dir='ltr'><strong>et</strong></span> <span class='ocrx_word' id='word_1_169' title='bbox 1058 2732 1137 2798; x_wconf 85' lang='lat' dir='ltr'><strong>luco.</strong></span> 
     </span>
    </p>
   </div>
   <div class='ocr_carea' id='block_1_5' title="bbox 426 2943 1121 3134">
    <p class='ocr_par' dir='ltr' id='par_1_8' title="bbox 426 2943 1121 3134">
     <span class='ocr_line' id='line_1_24' title="bbox 648 2943 906 3002; baseline -0.012 0"><span class='ocrx_word' id='word_1_170' title='bbox 648 2943 818 3002; x_wconf 72' lang='grc' dir='ltr'>Ήιιιιιιι</span> <span class='ocrx_word' id='word_1_171' title='bbox 843 2945 906 3002; x_wconf 77' lang='grc' dir='ltr'><strong>Π.</strong></span> 
     </span>
     <span class='ocr_line' id='line_1_25' title="bbox 426 3061 1121 3134; baseline -0.009 -4"><span class='ocrx_word' id='word_1_172' title='bbox 426 3065 476 3130; x_wconf 87' lang='lat' dir='ltr'><strong>De</strong></span> <span class='ocrx_word' id='word_1_173' title='bbox 498 3065 751 3134; x_wconf 78' lang='lat' dir='ltr'><strong>admittendorum</strong></span> <span class='ocrx_word' id='word_1_174' title='bbox 773 3062 951 3132; x_wconf 82' lang='lat' dir='ltr'><strong>clericorum</strong></span> <span class='ocrx_word' id='word_1_175' title='bbox 973 3061 1121 3126; x_wconf 79' lang='lat' dir='ltr'><strong>ecunn&#39;ne.</strong></span> 
     </span>
    </p>
   </div>
   <div class='ocr_carea' id='block_1_6' title="bbox 89 3219 1467 5066">
    <p class='ocr_par' dir='ltr' id='par_1_9' title="bbox 93 3219 1467 4482">
     <span class='ocr_line' id='line_1_26' title="bbox 162 3219 1452 3291; baseline -0.008 -2"><span class='ocrx_word' id='word_1_176' title='bbox 162 3246 165 3253; x_wconf 90' lang='lat'>·</span> <span class='ocrx_word' id='word_1_177' title='bbox 229 3224 262 3288; x_wconf 92' lang='lat' dir='ltr'><strong>ln</strong></span> <span class='ocrx_word' id='word_1_178' title='bbox 285 3227 421 3290; x_wconf 69' lang='lat' dir='ltr'><strong>emamus</strong></span> <span class='ocrx_word' id='word_1_179' title='bbox 442 3225 614 3291; x_wconf 84' lang='lat' dir='ltr'><strong>Pentlbelce</strong></span> <span class='ocrx_word' id='word_1_180' title='bbox 637 3226 769 3290; x_wconf 85' lang='lat' dir='ltr'><strong>Dltlunis</strong></span> <span class='ocrx_word' id='word_1_181' title='bbox 791 3223 983 3289; x_wconf 88' lang='lat' dir='ltr'><strong>Dloecesibus</strong></span> <span class='ocrx_word' id='word_1_182' title='bbox 1011 3241 1136 3286; x_wconf 82' lang='lat' dir='ltr'><strong>examen</strong></span> <span class='ocrx_word' id='word_1_183' title='bbox 1166 3219 1322 3283; x_wconf 89' lang='lat' dir='ltr'><strong>habebitur</strong></span> <span class='ocrx_word' id='word_1_184' title='bbox 1350 3234 1452 3281; x_wconf 85' lang='lat' dir='ltr'><strong>eoram</strong></span> 
     </span>
     <span class='ocr_line' id='line_1_27' title="bbox 95 3325 1452 3414; baseline -0.004 -22"><span class='ocrx_word' id='word_1_185' title='bbox 95 3333 221 3414; x_wconf 84' lang='lat' dir='ltr'><strong>proprie</strong></span> <span class='ocrx_word' id='word_1_186' title='bbox 243 3333 385 3396; x_wconf 84' lang='lat' dir='ltr'><strong>Antistite</strong></span> <span class='ocrx_word' id='word_1_187' title='bbox 407 3335 456 3396; x_wconf 81' lang='lat' dir='ltr'><strong>cel</strong></span> <span class='ocrx_word' id='word_1_188' title='bbox 478 3333 598 3398; x_wconf 84' lang='lat' dir='ltr'><strong>Viearlo</strong></span> <span class='ocrx_word' id='word_1_189' title='bbox 621 3332 778 3406; x_wconf 72' lang='lat' dir='ltr'><strong>(inauruli,</strong></span> <span class='ocrx_word' id='word_1_190' title='bbox 810 3341 859 3395; x_wconf 91' lang='lat' dir='ltr'><strong>aut</strong></span> <span class='ocrx_word' id='word_1_191' title='bbox 882 3327 1063 3413; x_wconf 86' lang='lat' dir='ltr'><strong>Capitulart,</strong></span> <span class='ocrx_word' id='word_1_192' title='bbox 1094 3327 1143 3411; x_wconf 91' lang='lat' dir='ltr'><strong>qul</strong></span> <span class='ocrx_word' id='word_1_193' title='bbox 1169 3325 1282 3390; x_wconf 90' lang='lat' dir='ltr'><strong>indicto</strong></span> <span class='ocrx_word' id='word_1_194' title='bbox 1305 3331 1452 3390; x_wconf 73' lang='lat' dir='ltr'><strong>examinis</strong></span> 
     </span>
     <span class='ocr_line' id='line_1_28' title="bbox 96 3435 1451 3530; baseline -0.006 -28"><span class='ocrx_word' id='word_1_195' title='bbox 96 3439 145 3505; x_wconf 89' lang='lat' dir='ltr'><strong>die</strong></span> <span class='ocrx_word' id='word_1_196' title='bbox 169 3456 314 3530; x_wconf 83' lang='lat' dir='ltr'><strong>unacum</strong></span> <span class='ocrx_word' id='word_1_197' title='bbox 337 3439 535 3519; x_wconf 81' lang='lat' dir='ltr'><strong>Synedalibns</strong></span> <span class='ocrx_word' id='word_1_198' title='bbox 558 3439 828 3510; x_wconf 82' lang='lat' dir='ltr'><strong>Exemiuutoribus,</strong></span> <span class='ocrx_word' id='word_1_199' title='bbox 856 3443 963 3501; x_wconf 87' lang='lat' dir='ltr'><strong>secreti</strong></span> <span class='ocrx_word' id='word_1_200' title='bbox 985 3439 1052 3518; x_wconf 81' lang='lat' dir='ltr'><strong>lege</strong></span> <span class='ocrx_word' id='word_1_201' title='bbox 1075 3435 1303 3516; x_wconf 75' lang='lat' dir='ltr'><strong>religiuslaeimn</strong></span> <span class='ocrx_word' id='word_1_202' title='bbox 1325 3439 1451 3504; x_wconf 81' lang='lat' dir='ltr'><strong>servata,</strong></span> 
     </span>
     <span class='ocr_line' id='line_1_29' title="bbox 94 3539 1452 3630; baseline -0.003 -26"><span class='ocrx_word' id='word_1_203' title='bbox 94 3549 244 3630; x_wconf 83' lang='lat' dir='ltr'><strong>proponat</strong></span> <span class='ocrx_word' id='word_1_204' title='bbox 258 3551 430 3625; x_wconf 88' lang='lat' dir='ltr'><strong>extempore</strong></span> <span class='ocrx_word' id='word_1_205' title='bbox 446 3547 688 3628; x_wconf 78' lang='lat' dir='ltr'><strong>competitoribus</strong></span> <span class='ocrx_word' id='word_1_206' title='bbox 704 3553 885 3627; x_wconf 83' lang='lat' dir='ltr'><strong>argumenta,</strong></span> <span class='ocrx_word' id='word_1_207' title='bbox 906 3540 942 3608; x_wconf 92' lang='lat' dir='ltr'><strong>de</strong></span> <span class='ocrx_word' id='word_1_208' title='bbox 959 3544 1065 3626; x_wconf 89' lang='lat' dir='ltr'><strong>quibus</strong></span> <span class='ocrx_word' id='word_1_209' title='bbox 1082 3543 1232 3623; x_wconf 81' lang='lat' dir='ltr'><strong>specimen</strong></span> <span class='ocrx_word' id='word_1_210' title='bbox 1249 3539 1320 3603; x_wconf 90' lang='lat' dir='ltr'><strong>dare</strong></span> <span class='ocrx_word' id='word_1_211' title='bbox 1336 3539 1452 3603; x_wconf 87' lang='lat' dir='ltr'><strong>debent.</strong></span> 
     </span>
     <span class='ocr_line' id='line_1_30' title="bbox 95 3643 1452 3727; baseline -0.004 -15"><span class='ocrx_word' id='word_1_212' title='bbox 95 3649 281 3714; x_wconf 83' lang='lat' dir='ltr'><strong>Candidatus</strong></span> <span class='ocrx_word' id='word_1_213' title='bbox 302 3650 350 3712; x_wconf 81' lang='lat' dir='ltr'><strong>vel</strong></span> <span class='ocrx_word' id='word_1_214' title='bbox 372 3649 532 3715; x_wconf 83' lang='lat' dir='ltr'><strong>Candidati</strong></span> <span class='ocrx_word' id='word_1_215' title='bbox 560 3653 592 3715; x_wconf 88' lang='lat' dir='ltr'><strong>in</strong></span> <span class='ocrx_word' id='word_1_216' title='bbox 616 3651 756 3714; x_wconf 86' lang='lat' dir='ltr'><strong>conclave</strong></span> <span class='ocrx_word' id='word_1_217' title='bbox 778 3654 889 3723; x_wconf 85' lang='lat' dir='ltr'><strong>eoacti,</strong></span> <span class='ocrx_word' id='word_1_218' title='bbox 923 3651 1034 3713; x_wconf 87' lang='lat' dir='ltr'><strong>interea</strong></span> <span class='ocrx_word' id='word_1_219' title='bbox 1067 3649 1135 3712; x_wconf 91' lang='lat' dir='ltr'><strong>dum</strong></span> <span class='ocrx_word' id='word_1_220' title='bbox 1165 3653 1213 3711; x_wconf 81' lang='lat' dir='ltr'><strong>vir</strong></span> <span class='ocrx_word' id='word_1_221' title='bbox 1243 3645 1280 3710; x_wconf 87' lang='lat' dir='ltr'><strong>eb</strong></span> <span class='ocrx_word' id='word_1_222' title='bbox 1302 3643 1452 3727; x_wconf 81' lang='lat' dir='ltr'><strong>Episcopo</strong></span> 
     </span>
     <span class='ocr_line' id='line_1_31' title="bbox 96 3754 1467 3842; baseline -0.004 -22"><span class='ocrx_word' id='word_1_223' title='bbox 96 3757 237 3837; x_wconf 82' lang='lat' dir='ltr'><strong>probatus</strong></span> <span class='ocrx_word' id='word_1_224' title='bbox 260 3754 453 3838; x_wconf 78' lang='lat' dir='ltr'><strong>aduigilabit,</strong></span> <span class='ocrx_word' id='word_1_225' title='bbox 486 3769 517 3822; x_wconf 88' lang='grc' dir='ltr'><strong>ιιι</strong></span> <span class='ocrx_word' id='word_1_226' title='bbox 545 3763 623 3822; x_wconf 87' lang='lat' dir='ltr'><strong>intra</strong></span> <span class='ocrx_word' id='word_1_227' title='bbox 649 3757 836 3842; x_wconf 84' lang='lat' dir='ltr'><strong>praefinitum</strong></span> <span class='ocrx_word' id='word_1_228' title='bbox 863 3757 1007 3838; x_wconf 89' lang='lat' dir='ltr'><strong>temporis</strong></span> <span class='ocrx_word' id='word_1_229' title='bbox 1037 3756 1166 3837; x_wconf 89' lang='lat' dir='ltr'><strong>spatium</strong></span> <span class='ocrx_word' id='word_1_230' title='bbox 1183 3762 1370 3836; x_wconf 52' lang='lat' dir='ltr'><strong>&#39;argumente</strong></span> <span class='ocrx_word' id='word_1_231' title='bbox 1393 3771 1467 3840; x_wconf 63' lang='lat' dir='ltr'><strong>en-v</strong></span> 
     </span>
     <span class='ocr_line' id='line_1_32' title="bbox 96 3857 1451 3949; baseline -0.004 -25"><span class='ocrx_word' id='word_1_232' title='bbox 96 3863 252 3943; x_wconf 88' lang='lat' dir='ltr'><strong>planentur</strong></span> <span class='ocrx_word' id='word_1_233' title='bbox 274 3865 385 3947; x_wconf 86' lang='lat' dir='ltr'><strong>absque</strong></span> <span class='ocrx_word' id='word_1_234' title='bbox 407 3861 551 3929; x_wconf 86' lang='lat' dir='ltr'><strong>librorum</strong></span> <span class='ocrx_word' id='word_1_235' title='bbox 574 3887 646 3949; x_wconf 85' lang='lat' dir='ltr'><strong>ope,</strong></span> <span class='ocrx_word' id='word_1_236' title='bbox 670 3875 794 3946; x_wconf 87' lang='lat' dir='ltr'><strong>excepto</strong></span> <span class='ocrx_word' id='word_1_237' title='bbox 817 3872 930 3927; x_wconf 83' lang='lat' dir='ltr'><strong>tentum</strong></span> <span class='ocrx_word' id='word_1_238' title='bbox 953 3863 1068 3941; x_wconf 83' lang='lat' dir='ltr'><strong>lexico,</strong></span> <span class='ocrx_word' id='word_1_239' title='bbox 1092 3879 1194 3925; x_wconf 83' lang='lat' dir='ltr'><strong>eorunm</strong></span> <span class='ocrx_word' id='word_1_240' title='bbox 1218 3881 1295 3943; x_wconf 87' lang='lat' dir='ltr'><strong>opus</strong></span> <span class='ocrx_word' id='word_1_241' title='bbox 1318 3857 1451 3924; x_wconf 87' lang='lat' dir='ltr'><strong>obibunt.</strong></span> 
     </span>
     <span class='ocr_line' id='line_1_33' title="bbox 95 3965 1453 4055; baseline -0.003 -23"><span class='ocrx_word' id='word_1_242' title='bbox 95 3967 140 4032; x_wconf 80' lang='lat' dir='ltr'><strong>En</strong></span> <span class='ocrx_word' id='word_1_243' title='bbox 163 3968 329 4051; x_wconf 87' lang='lat' dir='ltr'><strong>elaborato,</strong></span> <span class='ocrx_word' id='word_1_244' title='bbox 352 3972 463 4052; x_wconf 84' lang='lat' dir='ltr'><strong>scripta</strong></span> <span class='ocrx_word' id='word_1_245' title='bbox 486 3971 640 4055; x_wconf 84' lang='lat' dir='ltr'><strong>obsignata</strong></span> <span class='ocrx_word' id='word_1_246' title='bbox 663 3973 816 4055; x_wconf 87' lang='lat' dir='ltr'><strong>Episcopo</strong></span> <span class='ocrx_word' id='word_1_247' title='bbox 840 3973 942 4035; x_wconf 89' lang='lat' dir='ltr'><strong>statim</strong></span> <span class='ocrx_word' id='word_1_248' title='bbox 964 3967 1133 4043; x_wconf 88' lang='lat' dir='ltr'><strong>tradantur,</strong></span> <span class='ocrx_word' id='word_1_249' title='bbox 1160 3971 1208 4054; x_wconf 89' lang='lat' dir='ltr'><strong>qui</strong></span> <span class='ocrx_word' id='word_1_250' title='bbox 1232 3988 1267 4032; x_wconf 89' lang='lat' dir='ltr'><strong>ea</strong></span> <span class='ocrx_word' id='word_1_251' title='bbox 1288 3965 1453 4049; x_wconf 79' lang='lat' dir='ltr'><strong>perpendat</strong></span> 
     </span>
     <span class='ocr_line' id='line_1_34' title="bbox 96 4073 1451 4159; baseline -0.001 -23"><span class='ocrx_word' id='word_1_252' title='bbox 96 4093 163 4137; x_wconf 88' lang='lat' dir='ltr'><strong>enm</strong></span> <span class='ocrx_word' id='word_1_253' title='bbox 186 4077 293 4140; x_wconf 87' lang='lat' dir='ltr'><strong>lisdem</strong></span> <span class='ocrx_word' id='word_1_254' title='bbox 315 4077 514 4159; x_wconf 73' lang='lat' dir='ltr'><strong>synodalibus</strong></span> <span class='ocrx_word' id='word_1_255' title='bbox 530 4078 803 4150; x_wconf 78' lang='lat' dir='ltr'><strong>Examinatoribus,</strong></span> <span class='ocrx_word' id='word_1_256' title='bbox 827 4087 858 4142; x_wconf 85' lang='lat' dir='ltr'><strong>et</strong></span> <span class='ocrx_word' id='word_1_257' title='bbox 879 4077 1003 4141; x_wconf 88' lang='lat' dir='ltr'><strong>secretis</strong></span> <span class='ocrx_word' id='word_1_258' title='bbox 1025 4095 1125 4140; x_wconf 89' lang='lat' dir='ltr'><strong>eurum</strong></span> <span class='ocrx_word' id='word_1_259' title='bbox 1142 4078 1274 4157; x_wconf 89' lang='lat' dir='ltr'><strong>acceptis</strong></span> <span class='ocrx_word' id='word_1_260' title='bbox 1291 4073 1451 4154; x_wconf 79' lang='lat' dir='ltr'><strong>sudraglis,</strong></span> 
     </span>
     <span class='ocr_line' id='line_1_35' title="bbox 95 4168 1453 4265; baseline -0.004 -20"><span class='ocrx_word' id='word_1_261' title='bbox 95 4200 170 4265; x_wconf 85' lang='lat' dir='ltr'><strong>quae</strong></span> <span class='ocrx_word' id='word_1_262' title='bbox 192 4189 289 4246; x_wconf 85' lang='lat' dir='ltr'><strong>temen</strong></span> <span class='ocrx_word' id='word_1_263' title='bbox 312 4189 354 4249; x_wconf 90' lang='lat' dir='ltr'><strong>utl</strong></span> <span class='ocrx_word' id='word_1_264' title='bbox 384 4168 752 4250; x_wconf 76' lang='lat' dir='ltr'><strong>romulcatonn&#39;iatenda</strong></span> <span class='ocrx_word' id='word_1_265' title='bbox 774 4195 860 4258; x_wconf 73' lang='lat' dir='ltr'><strong>suntt</strong></span> <span class='ocrx_word' id='word_1_266' title='bbox 889 4183 992 4247; x_wconf 90' lang='lat' dir='ltr'><strong>eadem</strong></span> <span class='ocrx_word' id='word_1_267' title='bbox 1021 4187 1132 4265; x_wconf 87' lang='lat' dir='ltr'><strong>scripta</strong></span> <span class='ocrx_word' id='word_1_268' title='bbox 1153 4183 1276 4248; x_wconf 82' lang='lat' dir='ltr'><strong>Romam</strong></span> <span class='ocrx_word' id='word_1_269' title='bbox 1299 4177 1453 4246; x_wconf 79' lang='lat' dir='ltr'><strong>cardinali</strong></span> 
     </span>
     <span class='ocr_line' id='line_1_36' title="bbox 93 4283 1453 4375; baseline -0.004 -21"><span class='ocrx_word' id='word_1_270' title='bbox 93 4287 213 4354; x_wconf 84' lang='lat' dir='ltr'><strong>Vicario</strong></span> <span class='ocrx_word' id='word_1_271' title='bbox 228 4291 324 4354; x_wconf 75' lang='lat' dir='ltr'><strong>mlttm</strong></span> <span class='ocrx_word' id='word_1_272' title='bbox 344 4312 402 4356; x_wconf 87' lang='lat' dir='ltr'><strong>una</strong></span> <span class='ocrx_word' id='word_1_273' title='bbox 425 4313 490 4357; x_wconf 90' lang='lat' dir='ltr'><strong>cum</strong></span> <span class='ocrx_word' id='word_1_274' title='bbox 513 4291 640 4375; x_wconf 85' lang='lat' dir='ltr'><strong>epistula</strong></span> <span class='ocrx_word' id='word_1_275' title='bbox 663 4291 700 4356; x_wconf 92' lang='lat' dir='ltr'><strong>de</strong></span> <span class='ocrx_word' id='word_1_276' title='bbox 722 4296 815 4356; x_wconf 84' lang='lat' dir='ltr'><strong>animi</strong></span> <span class='ocrx_word' id='word_1_277' title='bbox 836 4291 1006 4373; x_wconf 81' lang='lat' dir='ltr'><strong>ingeniique</strong></span> <span class='ocrx_word' id='word_1_278' title='bbox 1028 4291 1146 4354; x_wconf 87' lang='lat' dir='ltr'><strong>datibus</strong></span> <span class='ocrx_word' id='word_1_279' title='bbox 1168 4287 1327 4375; x_wconf 85' lang='lat' dir='ltr'><strong>cujuslibet</strong></span> <span class='ocrx_word' id='word_1_280' title='bbox 1343 4283 1453 4350; x_wconf 83' lang='lat' dir='ltr'><strong>Clerici</strong></span> 
     </span>
     <span class='ocr_line' id='line_1_37' title="bbox 93 4395 1451 4482; baseline -0.004 -22"><span class='ocrx_word' id='word_1_281' title='bbox 93 4395 312 4480; x_wconf 86' lang='lat' dir='ltr'><strong>competitoris,</strong></span> <span class='ocrx_word' id='word_1_282' title='bbox 335 4405 365 4463; x_wconf 89' lang='lat' dir='ltr'><strong>et</strong></span> <span class='ocrx_word' id='word_1_283' title='bbox 386 4400 485 4465; x_wconf 87' lang='lat' dir='ltr'><strong>indice</strong></span> <span class='ocrx_word' id='word_1_284' title='bbox 509 4419 608 4464; x_wconf 90' lang='lat' dir='ltr'><strong>eorum</strong></span> <span class='ocrx_word' id='word_1_285' title='bbox 631 4397 753 4472; x_wconf 88' lang='lat' dir='ltr'><strong>dotium,</strong></span> <span class='ocrx_word' id='word_1_286' title='bbox 778 4399 878 4463; x_wconf 88' lang='lat' dir='ltr'><strong>addita</strong></span> <span class='ocrx_word' id='word_1_287' title='bbox 901 4397 1118 4482; x_wconf 88' lang='lat' dir='ltr'><strong>quequehabiti</strong></span> <span class='ocrx_word' id='word_1_288' title='bbox 1140 4396 1278 4460; x_wconf 82' lang='lat' dir='ltr'><strong>seruitinli</strong></span> <span class='ocrx_word' id='word_1_289' title='bbox 1294 4395 1451 4458; x_wconf 88' lang='lat' dir='ltr'><strong>relatione.</strong></span> 
     </span>
    </p>

    <p class='ocr_par' dir='ltr' id='par_1_10' title="bbox 89 4500 1452 5004">
     <span class='ocr_line' id='line_1_38' title="bbox 227 4500 1452 4590; baseline -0.004 -21"><span class='ocrx_word' id='word_1_290' title='bbox 227 4502 286 4570; x_wconf 84' lang='lat' dir='ltr'><strong>Ubi</strong></span> <span class='ocrx_word' id='word_1_291' title='bbox 322 4509 447 4588; x_wconf 80' lang='lat' dir='ltr'><strong>epistole</strong></span> <span class='ocrx_word' id='word_1_292' title='bbox 469 4509 594 4573; x_wconf 84' lang='lat' dir='ltr'><strong>Romam</strong></span> <span class='ocrx_word' id='word_1_293' title='bbox 618 4511 805 4589; x_wconf 83' lang='lat' dir='ltr'><strong>pervenerit,</strong></span> <span class='ocrx_word' id='word_1_294' title='bbox 834 4505 927 4569; x_wconf 89' lang='lat' dir='ltr'><strong>nulla·</strong></span> <span class='ocrx_word' id='word_1_295' title='bbox 945 4502 1101 4590; x_wconf 88' lang='lat' dir='ltr'><strong>interjecta</strong></span> <span class='ocrx_word' id='word_1_296' title='bbox 1123 4523 1207 4578; x_wconf 85' lang='lat' dir='ltr'><strong>mora</strong></span> <span class='ocrx_word' id='word_1_297' title='bbox 1229 4500 1398 4568; x_wconf 87' lang='lat' dir='ltr'><strong>Cerdlnelis</strong></span> <span class='ocrx_word' id='word_1_298' title='bbox 1420 4501 1452 4564; x_wconf 93' lang='lat' dir='ltr'><strong>in</strong></span> 
     </span>
     <span class='ocr_line' id='line_1_39' title="bbox 91 4595 1452 4694; baseline -0.003 -18"><span class='ocrx_word' id='word_1_299' title='bbox 91 4607 174 4676; x_wconf 84' lang='lat' dir='ltr'><strong>Urbe</strong></span> <span class='ocrx_word' id='word_1_300' title='bbox 194 4611 344 4676; x_wconf 83' lang='lat' dir='ltr'><strong>Vicerius</strong></span> <span class='ocrx_word' id='word_1_301' title='bbox 360 4595 578 4680; x_wconf 80' lang='lat' dir='ltr'><strong>examinatores</strong></span> <span class='ocrx_word' id='word_1_302' title='bbox 600 4616 632 4680; x_wconf 87' lang='lat' dir='ltr'><strong>in</strong></span> <span class='ocrx_word' id='word_1_303' title='bbox 655 4611 815 4676; x_wconf 89' lang='lat' dir='ltr'><strong>consilium</strong></span> <span class='ocrx_word' id='word_1_304' title='bbox 838 4609 966 4686; x_wconf 77' lang='lat' dir='ltr'><strong>vocabit,</strong></span> <span class='ocrx_word' id='word_1_305' title='bbox 989 4618 1202 4694; x_wconf 79' lang='lat' dir='ltr'><strong>repraesenta</strong></span> <span class='ocrx_word' id='word_1_306' title='bbox 1224 4609 1271 4676; x_wconf 82' lang='lat' dir='ltr'><strong>mi</strong></span> <span class='ocrx_word' id='word_1_307' title='bbox 1294 4609 1452 4673; x_wconf 82' lang='lat' dir='ltr'><strong>Seminarll</strong></span> 
     </span>
     <span class='ocr_line' id='line_1_40' title="bbox 91 4715 1451 4804; baseline -0.001 -22"><span class='ocrx_word' id='word_1_308' title='bbox 91 4719 228 4794; x_wconf 77' lang='lat' dir='ltr'><strong>Rectene,</strong></span> <span class='ocrx_word' id='word_1_309' title='bbox 252 4724 409 4802; x_wconf 86' lang='lat' dir='ltr'><strong>perpensis</strong></span> <span class='ocrx_word' id='word_1_310' title='bbox 433 4721 564 4804; x_wconf 89' lang='lat' dir='ltr'><strong>scriptis,</strong></span> <span class='ocrx_word' id='word_1_311' title='bbox 587 4730 617 4784; x_wconf 90' lang='lat' dir='ltr'><strong>et</strong></span> <span class='ocrx_word' id='word_1_312' title='bbox 638 4723 780 4804; x_wconf 88' lang='lat' dir='ltr'><strong>inspeetis</strong></span> <span class='ocrx_word' id='word_1_313' title='bbox 795 4719 915 4784; x_wconf 89' lang='lat' dir='ltr'><strong>dotibus</strong></span> <span class='ocrx_word' id='word_1_314' title='bbox 932 4717 1039 4784; x_wconf 87' lang='lat' dir='ltr'><strong>Clerici</strong></span> <span class='ocrx_word' id='word_1_315' title='bbox 1054 4715 1203 4800; x_wconf 88' lang='lat' dir='ltr'><strong>petitoris,</strong></span> <span class='ocrx_word' id='word_1_316' title='bbox 1226 4735 1261 4781; x_wconf 86' lang='lat' dir='ltr'><strong>uc</strong></span> <span class='ocrx_word' id='word_1_317' title='bbox 1279 4715 1451 4780; x_wconf 86' lang='lat' dir='ltr'><strong>testimonie</strong></span> 
     </span>
     <span class='ocr_line' id='line_1_41' title="bbox 89 4821 1451 4931; baseline -0.002 -43"><span class='ocrx_word' id='word_1_318' title='bbox 89 4823 211 4909; x_wconf 85' lang='lat' dir='ltr'><strong>proprii</strong></span> <span class='ocrx_word' id='word_1_319' title='bbox 224 4823 381 4890; x_wconf 82' lang='lat' dir='ltr'><strong>Antistitls</strong></span> <span class='ocrx_word' id='word_1_320' title='bbox 403 4823 582 4893; x_wconf 75' lang='lat' dir='ltr'><strong>definitivam</strong></span> <span class='ocrx_word' id='word_1_321' title='bbox 604 4829 682 4892; x_wconf 87' lang='lat' dir='ltr'><strong>feret</strong></span> <span class='ocrx_word' id='word_1_322' title='bbox 703 4832 879 4892; x_wconf 69' lang='lat' dir='ltr'><strong>manentiam</strong></span> <span class='ocrx_word' id='word_1_323' title='bbox 895 4825 932 4890; x_wconf 87' lang='lat' dir='ltr'><strong>de</strong></span> <span class='ocrx_word' id='word_1_324' title='bbox 951 4821 1144 4890; x_wconf 81' lang='lat' dir='ltr'><strong>idoneitate</strong></span> <span class='ocrx_word' id='word_1_325' title='bbox 1130 4825 1251 4912; x_wconf 77' lang='lat' dir='ltr'><strong>Jmenis</strong></span> <span class='ocrx_word' id='word_1_326' title='bbox 1267 4823 1451 4931; x_wconf 73' lang='lat' dir='ltr'><strong>admittendi,</strong></span> 
     </span>
     <span class='ocr_line' id='line_1_42' title="bbox 91 4931 1053 5066; baseline -0.001 -68"><span class='ocrx_word' id='word_1_327' title='bbox 91 4941 124 4998; x_wconf 87' lang='lat' dir='ltr'><strong>ct</strong></span> <span class='ocrx_word' id='word_1_328' title='bbox 146 4933 183 5000; x_wconf 86' lang='lat' dir='ltr'><strong>de</strong></span> <span class='ocrx_word' id='word_1_329' title='bbox 205 4933 263 5000; x_wconf 87' lang='lat' dir='ltr'><strong>hae</strong></span> <span class='ocrx_word' id='word_1_330' title='bbox 281 4945 316 5000; x_wconf 85' lang='lat' dir='ltr'><strong>re</strong></span> <span class='ocrx_word' id='word_1_331' title='bbox 337 4931 556 5002; x_wconf 76' lang='grc' dir='ltr'>ὓιοιιιιιιιιιιιι</span> <span class='ocrx_word' id='word_1_332' title='bbox 577 4933 752 5066; x_wconf 80' lang='lat' dir='ltr'><strong>hutistttem</strong></span> <span class='ocrx_word' id='word_1_333' title='bbox 774 4939 932 5002; x_wconf 86' lang='lat' dir='ltr'><strong>certiorem</strong></span> <span class='ocrx_word' id='word_1_334' title='bbox 954 4931 1053 5001; x_wconf 78' lang='lat' dir='ltr'><strong>tanet.</strong></span> 
     </span>
    </p>
   </div>
   <div class='ocr_carea' id='block_1_7' title="bbox 0 0 1690 5232">
    <p class='ocr_par' dir='ltr' id='par_1_11' title="bbox 0 0 1690 5232">
     <span class='ocr_line' id='line_1_43' title="bbox 0 0 1690 5232; baseline 0 1"><span class='ocrx_word' id='word_1_335' title='bbox 0 0 1690 5232; x_wconf 95' lang='lat' dir='ltr'><strong> </strong></span> 
     </span>
    </p>
   </div>
  </div>
 </body>
</html>
