3408 5226
1414 104 1493 185 dii
1571 172 1573 179 ,

142 302 182 365 sit
210 306 367 367 museusui
396 321 481 389 quam
511 320 612 373 error,
641 311 671 363 ut
693 299 862 379 contendit,
891 292 1003 365 uostru'
1025 302 1058 363 in
1087 319 1161 365 oasa
1180 301 1289 365 adesse
1310 316 1443 369 errorum
1465 301 1497 364 in

143 394 279 489 persona,
302 408 370 491 quia
392 409 483 471 verbo
505 408 619 472 iaetove
643 408 834 471 consentiens
856 406 977 471 ulterius
992 406 1129 492 conjuga
1152 427 1311 489 personam
1332 428 1417 473 suam
1432 428 1497 473 eme

144 515 258 595 eredat,
282 534 347 579 eum
370 532 475 580 reuera
497 535 557 578 uon
578 516 702 595 aitrus,
726 519 787 577 imo
808 512 955 599 majorem
975 534 1062 596 qrram
1081 533 1231 596 personae
1245 535 1387 596 errorem,
1408 534 1500 601 quum

144 626 286 705 integram
309 630 480 685 ouotraetus
501 623 698 687 substantiam
720 622 839 702 ignoret
861 630 892 684 et
911 641 1041 701 prorsus
1063 622 1131 703 quid
1155 631 1242 703 agot,
1271 600 1395 691 neadat.
1438 626 1499 687 At*

144 726 239 794 aaran
261 748 391 811 persona
415 728 482 791 ideo
505 748 563 792 uun
587 738 635 791 ost
657 748 721 807 atra,
745 730 812 811 quio
829 733 864 791 ui
887 738 1021 810 meusque
1042 729 1253 811 praepediente
1268 728 1367 793 aalide
1388 731 1419 793 in
1434 751 1499 794 earu

144 855 200 899 non
230 841 401 900 eonsensit:
430 826 537 919 qriodsi
560 855 647 918 ergo,
678 845 767 916 prout
790 838 853 917 ipse
876 835 1185 915 Sonabaadeiendit,
1201 837 1500 902 ·ad.matrimunium

144 940 200 1006 tuie
224 943 471 1007 convalidaudunr
494 944 638 1021 suliieiat,
672 952 702 1005 ut
733 952 842 1007 metum
871 962 979 1025 passus
1002 964 1020 1006 a
1041 949 1127 1025 gravi
1148 942 1319 1028 injustoque
1336 955 1416 1009 metu
1438 945 1500 1007 im-

145 1053 243 1114 munia
266 1069 444 1115 eonsensum
467 1047 622 1132 suppleat,
650 1049 706 1113 bue
731 1055 802 1131 ipso
818 1053 980 1133 praestito,
1004 1060 1036 1114 ut
1058 1061 1230 1119 eontruutus
1253 1051 1359 1123 vitium
1373 1061 1501 1119 sanetur
1619 1115 1622 1121 ,

136 1153 172 1220 σε
199 1177 328 1239 persona
358 1178 413 1242 stru
441 1157 498 1229 sit,
528 1156 666 1220 eibeitun
720 1156 860 1220 Ceterum
892 1177 930 1221 ex
960 1163 1214 1240 argumentatione
1244 1158 1297 1222 iila
1320 1167 1499 1241 sequeretur,

145 1264 237 1348 quood,
260 1263 289 1327 ei
312 1268 378 1346 quis
401 1284 502 1329 errore
524 1265 555 1326 in
579 1283 711 1345 persona
734 1265 854 1345 cognitu
878 1262 1097 1335 matrimonium
1121 1270 1293 1353 contignare
1306 1267 1501 1339 consenserit,
1550 1248 1556 1261 ⁹

59 1410 62 1419 -
137 1390 306 1433 ¹cousensus
335 1368 399 1455 ejus
426 1379 551 1451 propter
579 1390 712 1435 errorem
742 1375 771 1433 in
801 1391 932 1452 persona
961 1372 1064 1436 irritus
1092 1383 1191 1446 esset,
1222 1378 1284 1437 nisi
1311 1388 1444 1438 errorem
1471 1376 1504 1435 in

145 1497 270 1559 persona
299 1476 542 1558 impedimentum
580 1477 722 1541 dirimens
756 1498 825 1541 esee
855 1476 998 1561 explicite
1026 1483 1156 1544 sciverit.
1208 1481 1502 1563 impedimentorum,

146 1604 218 1665 quae
254 1587 382 1664 partium
414 1602 562 1648 oonseusu
593 1582 660 1646 tolli
690 1593 835 1666 possunt,
872 1587 1032 1666 peculiaris
1062 1595 1107 1649 est
1134 1587 1283 1665 eonditi03
1320 1585 1405 1672 eujus
1437 1604 1503 1650 eom

146 1688 279 1753 &nobee
301 1695 332 1753 in
355 1687 458 1753 multis
480 1692 625 1757 rationem
648 1691 787 1755 sollerter
800 1692 946 1779 babuerit,
968 1693 1025 1757 boo
1047 1697 1188 1759 tamenin
1204 1699 1303 1779 eapite
1322 1694 1432 1759 oblitus
1447 1700 1503 1775 eet,

258 1795 297 1859 Ut
312 1798 496 1863 matrimonii
508 1799 657 1863 vinculum
673 1799 864 1863 dissoluturis
880 1800 927 1862 vis
939 1808 1091 1884 metusque
1107 1810 1281 1884 praetextus
1295 1802 1505 1885 praeripiatur,

147 1902 273 1986 perutile
295 1909 356 1967 imo
372 1902 423 1967 vix
444 1924 504 1968 non
520 1905 720 1969 necessarium
736 1916 793 1985 est,
815 1916 933 1990 tempos
951 1914 1139 1987 constituere,
1162 1911 1242 1973 intra
1264 1908 1348 1996 eujus
1362 1906 1506 1971 terminos

146 2011 313 2074 libertatem
336 2009 462 2093 adeptus
485 2013 706 2078 matrimonium
729 2004 857 2089 aderaut,
882 2034 936 2078 neu
960 2035 994 2079 eu
1017 2011 1123 2097 elapso
1146 2016 1291 2080 audiatur.
1336 2014 1445 2078 Glossa
1466 2012 1507 2076 ad

147 2119 267 2183 lieeret.
292 2137 374 2181 caua
396 2116 418 2181 l
443 2128 491 2202 qu:
516 2122 546 2197 i,
569 2141 598 2181 v.
615 2127 654 2187 ⁴3.
679 2126 851 2198 „meusem‘⁴
880 2124 967 2185 unius
996 2127 1108 2185 mensis
1128 2121 1327 2189 uoluntariam
1350 2116 1506 2187 dobabita-

147 2225 318 2289 tionemarl
340 2225 521 2289 matrimonii
543 2227 809 2292 oomaiidutionem
832 2228 978 2293 auidaere·
994 2238 1105 2293 censet.
1143 2228 1206 2295 Alii
1228 2249 1267 2293 ex
1281 2225 1429 2292 Deeratal.
1452 2224 1505 2292 Ν.

149 2341 179 2398 1.
195 2337 247 2405 21,
271 2330 471 2395 dedueendum
494 2352 559 2396 erse
579 2342 741 2406 autumant,
766 2355 856 2398 unum
877 2355 986 2399 auorum
999 2355 1069 2400 oum
1083 2335 1208 2400 dimidio
1223 2339 1345 2420 requiri.
1368 2326 1507 2399 Attamen

148 2438 204 2501 boo
226 2443 294 2521 ipsu
324 2457 437 2502 oenone
459 2445 626 2511 accuratius
657 2442 799 2521 ventilato
828 2441 1016 2504 statuendum
1047 2444 1163 2524 potius,
1188 2442 1257 2527 jure
1288 2442 1509 2506 mabimonium

147 2545 310 2610 odeusandi
332 2546 490 2639 eneidere,⁸
510 2552 572 2630 qui,
594 2555 753 2630 postquam
776 2544 1004 2630 metus,'quaiis
1021 2530 1065 2610 ⁸ad
1087 2550 1308 2615 matrimonium
1330 2547 1508 2612 imitandum

147 2655 221 2719 satie
243 2660 296 2725 est,
320 2653 482 2717 removerit
503 2652 551 2716 rei
575 2653 706 2717 debitum
730 2652 887 2738 eonju'gaie
909 2658 1042 2745 scienter
1064 2653 1151 2738 (uam
1173 2663 1277 2737 posset
1299 2654 1508 2733 arbitrariae

147 2777 212 2825 aum
235 2760 295 2823 alia
316 2760 440 2844 qudam
462 2778 589 2841 persona
611 2779 675 2822 rem
697 2758 843 2843 babere),
866 2762 1060 2841 praestiterit,
1083 2757 1133 2823 rel
1157 2765 1255 2839 ettam,
1279 2764 1350 2842 quin
1370 2744 1507 2825 'ciream-

148 2865 260 2930 euntia
280 2865 353 2930 bauo
383 2865 504 2946 probari
528 2875 632 2948 queat,
663 2863 824 2950 conjugale
844 2866 923 2928 vitae
945 2871 1129 2929 consortium
1151 2886 1207 2949 par
1229 2885 1285 2931 sex
1308 2884 1428 2931 menam
1448 2884 1508 2946 pa-
1601 2924 1605 2929 .

148 2973 230 3037 ottae
253 2971 485 3036 eontiuuarerit:
514 2971 623 3055 quiippe
644 2970 718 3034 baeu
732 2980 810 3050 *suut
838 2981 940 3034 tentus
962 2971 1071 3034 rerba:
1098 2972 1168 3051 „nd
1182 2973 1239 3050 id,
1263 2972 1340 3056 qaod
1361 2992 1418 3055 per
1439 2978 1507 3035 tuas
1617 2974 1621 2979 '

147 3076 264 3142 litteras
284 3077 431 3143 intimasti
452 3072 638 3160 elegantiam
653 3076 831 3159 pamabiaua
852 3077 913 3156 tua,
935 3097 1021 3163 quam
1044 3096 1117 3143 eous
1140 3079 1265 3143 vitricus
1288 3078 1405 3144 outdam
1421 3080 1509 3142 Ten-

147 3185 248 3253 toaieu
271 3185 528 3250 matrimoniabter
549 3184 710 3267 oopulavit,
731 3180 834 3247 taliter
853 3183 1077 3266 respondemus,
1099 3186 1187 3269 quod,
1212 3191 1350 3269 quamvis
1369 3184 1508 3250 undeoim

148 3312 245 3381 moos
265 3291 381 3355 ¹babens
404 3292 442 3354 ab
465 3292 552 3355 initio
566 3291 661 3355 invite
681 3290 791 3355 luieaet
813 3293 840 3354 ei
863 3290 974 3355 tradita
996 3303 1025 3356 et
1039 3295 1183 3367 renitens,
1206 3292 1314 3366 teman,
1337 3297 1405 3376 quia
1420 3300 1509 3375 pust-s

115 3384 122 3409 ¹
147 3398 270 3463 modum
291 3379 345 3481 per
366 3417 475 3462 mnam
498 3407 528 3461 et
550 3398 704 3462 dimidium
725 3399 786 3462 sibi
802 3398 975 3465 eobabitaus
990 3402 1180 3465 corrasisse
1201 3401 1329 3480 videtin,
1350 3399 1389 3464 ad
1411 3405 1510 3482 ipsum

149 3512 194 3573 ast
217 3505 350 3590 eugendo
372 3505 481 3569 reone.
517 3506 590 3569 lieu
611 3505 649 3569 do
671 3515 771 3569 oetero
792 3504 955 3586 reeipiendi
975 3516 1049 3569 *sunt
1069 3514 1175 3582 testes,-
1194 3512 1225 3570 si
1247 3526 1323 3591 quoe
1346 3513 1511 3572 memorata

148 3615 257 3678 mulier
278 3613 316 3676 ari
338 3611 539 3695 probandum,
572 3612 652 3693 quod
681 3631 753 3675 nou.
768 3617 955 3676 eooseoserit
976 3617 1007 3677 tu
1030 3613 1174 3693 malem,
1204 3618 1409 3679 nominaverat
1429 3630 1509 3696 pro-

148 3719 319 3799 duueudos,
341 3736 408 3793 aum
431 3738 516 3809 mora
536 3722 614 3782 tanti
635 3719 781 3801 temporie
803 3718 977 3806 bujoourudi
998 3719 1208 3803 probationem
1229 3722 1403 3787 exoiuaiat.“
1440 3720 1508 3785 De-

150 3829 255 3895 eretai.
275 3826 328 3892 IV·
347 3834 375 3899 1,
391 3829 446 3891 21.
490 3824 604 3905 Puella,
626 3826 664 3890 tie
680 3846 737 3910 qua
752 3845 846 3889 uauoa
861 3825 1001 3915 loquitur,
1024 3845 1091 3893 oum
1104 3827 1212 3895 marito
1226 3832 1321 3891 invita
1334 3836 1364 3891 et
1377 3824 1508 3892 renitens

149 3933 329 4007 traderetur,
347 3934 466 3998 nouabi
481 3931 617 3996 uudeeim
631 3950 728 3996 annos
742 3932 895 4012 habuerat,
912 3951 968 3996 neu
981 3941 1138 4016 antequam
1153 3933 1336 4015 pubertatem
1350 3934 1508 4016 attigisset,

151 4058 329 4105 eonsensum
352 4041 490 4123 supplere
513 4047 659 4121 potuerat.
702 4032 781 4119 Orda
810 4046 908 4105 autem
938 4058 992 4121 per
1019 4058 1128 4104 anuum
1155 4050 1188 4104 et
1215 4036 1388 4117 dimidium,
1417 4041 1509 4120 igitur

150 4169 205 4232 par
228 4168 285 4213 sex
308 4156 381 4230 puat
402 4149 586 4230 pubertatem
601 4128 752 4229 expletam
774 4166 893 4210 meuses
916 4146 982 4210 viro
1005 4146 1235 4224 cohabitaverat,
1259 4166 1323 4211 uam
1338 4146 1378 4210 ud
1398 4144 1508 4209 matri·

150 4257 284 4321 mamam
306 4264 431 4339 propter
460 4256 521 4319 uim
543 4262 701 4336 metroque
725 4252 939 4319 aeeussaurium
954 4255 956 4259 ’
972 4253 1089 4317 ueniet
1118 4272 1180 4319 non
1210 4228 1302 4336 porea
1329 4254 1507 4317 demrnitur.

151 4362 283 4429 canonia
304 4358 394 4446 bajus
416 4361 455 4425 uu
476 4368 606 4425 mentam
627 4360 764 4425 moueat.
787 4362 816 4431 1.
842 4367 904 4428 116
927 4368 1069 4424 statutum
1088 4371 1149 4442 est,
1171 4359 1337 4448 eonjugam
1360 4360 1408 4425 oni
1430 4376 1508 4422 oon·

149 4476 376 4534 aausoaooaetu
389 4466 500 4554 iujuatu
515 4476 652 4533 extortum
658 4470 708 4541 sit,
720 4464 789 4551 jore
803 4471 1024 4531 matrimonium
1038 4467 1197 4546 aeeomndi
1211 4467 1356 4557 exuidera,
1378 4465 1506 4549 quaudo,

151 4569 314 4660 postquam
335 4552 442 4648 metus,
466 4574 562 4658 qualis
584 4575 622 4643 ad
644 4573 863 4659 matrimonium
886 4574 1063 4639 irritandum
1076 4574 1213 4646 mileiat,
1235 4574 1427 4652 emeruisset,
1449 4572 1508 4636 rie-

152 4684 248 4748 bitum
271 4679 428 4768 coujugale
448 4679 616 4747 volmtarie
635 4683 766 4747 retentor
785 4679 981 4763 praestiterit,
1001 4680 1050 4744 uei
1072 4680 1171 4759 edam,
1193 4683 1264 4762 quin
1284 4682 1509 4745 circumstantia

145 4770 212 4857 vieta
232 4791 356 4876 probari
382 4788 497 4872 poeria
526 4787 684 4877 emjugaia
713 4786 792 4855 vitae
813 4788 1000 4854 eomorttunr
1028 4804 1084 4871 per
1105 4804 1167 4851 aar
1198 4802 1314 4851 menaea
1342 4782 1509 4854 nolentata
1542 4864 1548 4878 ‚

152 4897 390 4967 armarent
568 4942 571 4959 .
671 4888 676 4899 ’
854 4924 856 4929 <
1494 4902 1498 4912 ·

188 5002 277 5087 111οιῑό
292 5003 396 5061 Areua
411 5001 465 5073 stit·
480 5001 554 5059 itata·
569 5002 771 5060 &metit
807 5004 830 5059 1.
847 5001 935 5059 uam
1252 4997 1295 5067 82
