<?xml version="1.0" encoding="UTF-8"?>
<!DOCTYPE html PUBLIC "-//W3C//DTD XHTML 1.0 Transitional//EN"
    "http://www.w3.org/TR/xhtml1/DTD/xhtml1-transitional.dtd">
<html xmlns="http://www.w3.org/1999/xhtml" xml:lang="en" lang="en">
 <head>
  <title>
</title>
<meta http-equiv="Content-Type" content="text/html;charset=utf-8" />
  <meta name='ocr-system' content='tesseract 3.04.00' />
  <meta name='ocr-capabilities' content='ocr_page ocr_carea ocr_par ocr_line ocrx_word'/>
</head>
<body>
  <div class='ocr_page' id='page_1' title='image "./archivfrkatholi08jurigoog_0531.png"; bbox 0 0 3392 5218; ppageno 0'>
   <div class='ocr_carea' id='block_1_1' title="bbox 159 350 822 1182">
    <p class='ocr_par' dir='ltr' id='par_1_1' title="bbox 159 350 822 1182">
     <span class='ocr_line' id='line_1_1' title="bbox 466 350 508 414; baseline -0.048 0"><span class='ocrx_word' id='word_1_1' title='bbox 466 350 508 414; x_wconf 64' lang='grc' dir='ltr'>Α.</span> 
     </span>
     <span class='ocr_line' id='line_1_2' title="bbox 161 449 819 541; baseline -0.003 -20"><span class='ocrx_word' id='word_1_2' title='bbox 161 464 188 521; x_wconf 89' lang='lat' dir='ltr'>tn</span> <span class='ocrx_word' id='word_1_3' title='bbox 212 455 340 521; x_wconf 75' lang='lat' dir='ltr'>hostium</span> <span class='ocrx_word' id='word_1_4' title='bbox 362 449 455 541; x_wconf 53' lang='lat' dir='ltr'>&#39;quam</span> <span class='ocrx_word' id='word_1_5' title='bbox 485 457 516 518; x_wconf 90' lang='lat' dir='ltr'>in</span> <span class='ocrx_word' id='word_1_6' title='bbox 546 453 681 528; x_wconf 81' lang='lat' dir='ltr'>calicem,</span> <span class='ocrx_word' id='word_1_7' title='bbox 717 472 819 519; x_wconf 80' lang='lat' dir='ltr'>moras</span> 
     </span>
     <span class='ocr_line' id='line_1_3' title="bbox 162 560 820 646; baseline -0.002 -19"><span class='ocrx_word' id='word_1_8' title='bbox 162 567 270 646; x_wconf 86' lang='lat' dir='ltr'>speeies</span> <span class='ocrx_word' id='word_1_9' title='bbox 300 565 438 627; x_wconf 87' lang='lat' dir='ltr'>immotas</span> <span class='ocrx_word' id='word_1_10' title='bbox 469 560 682 646; x_wconf 81' lang='lat' dir='ltr'>aliquantulum</span> <span class='ocrx_word' id='word_1_11' title='bbox 705 561 737 624; x_wconf 91' lang='lat' dir='ltr'>in</span> <span class='ocrx_word' id='word_1_12' title='bbox 759 564 820 626; x_wconf 81' lang='lat' dir='ltr'>alto</span> 
     </span>
     <span class='ocr_line' id='line_1_4' title="bbox 160 668 822 743; baseline -0.002 -9"><span class='ocrx_word' id='word_1_13' title='bbox 160 691 212 734; x_wconf 87' lang='lat' dir='ltr'>non</span> <span class='ocrx_word' id='word_1_14' title='bbox 237 678 326 743; x_wconf 87' lang='lat' dir='ltr'>tenet,</span> <span class='ocrx_word' id='word_1_15' title='bbox 351 670 403 733; x_wconf 87' lang='lat' dir='ltr'>sed</span> <span class='ocrx_word' id='word_1_16' title='bbox 427 668 495 733; x_wconf 84' lang='lat' dir='ltr'>illes</span> <span class='ocrx_word' id='word_1_17' title='bbox 519 670 621 733; x_wconf 83' lang='lat' dir='ltr'>stetim</span> <span class='ocrx_word' id='word_1_18' title='bbox 651 678 822 733; x_wconf 79' lang='lat' dir='ltr'>reverenter</span> 
     </span>
     <span class='ocr_line' id='line_1_5' title="bbox 161 775 818 858; baseline 0 -19"><span class='ocrx_word' id='word_1_19' title='bbox 161 777 281 858; x_wconf 85' lang='lat' dir='ltr'>reponit.</span> <span class='ocrx_word' id='word_1_20' title='bbox 327 775 497 840; x_wconf 86' lang='lat' dir='ltr'>lmmediate</span> <span class='ocrx_word' id='word_1_21' title='bbox 526 785 596 858; x_wconf 87' lang='lat' dir='ltr'>post</span> <span class='ocrx_word' id='word_1_22' title='bbox 624 778 818 840; x_wconf 78' lang='lat' dir='ltr'>elevationem</span> 
     </span>
     <span class='ocr_line' id='line_1_6' title="bbox 159 856 819 948; baseline -0.003 0"><span class='ocrx_word' id='word_1_23' title='bbox 159 895 203 948; x_wconf 87' lang='lat' dir='ltr'>aut</span> <span class='ocrx_word' id='word_1_24' title='bbox 223 892 292 946; x_wconf 78' lang='lat' dir='ltr'>ente</span> <span class='ocrx_word' id='word_1_25' title='bbox 317 888 553 946; x_wconf 87' lang='lat' dir='ltr'>communionem</span> <span class='ocrx_word' id='word_1_26' title='bbox 583 903 644 946; x_wconf 97' lang='lat' dir='ltr'>non</span> <span class='ocrx_word' id='word_1_27' title='bbox 667 856 819 946; x_wconf 76' lang='lat' dir='ltr'>morosius</span> 
     </span>
     <span class='ocr_line' id='line_1_7' title="bbox 159 987 820 1072; baseline -0.003 -19"><span class='ocrx_word' id='word_1_28' title='bbox 159 988 319 1070; x_wconf 76' lang='lat' dir='ltr'>genuflectit</span> <span class='ocrx_word' id='word_1_29' title='bbox 345 1007 379 1051; x_wconf 85' lang='lat' dir='ltr'>ae</span> <span class='ocrx_word' id='word_1_30' title='bbox 403 989 539 1054; x_wconf 87' lang='lat' dir='ltr'>devotius</span> <span class='ocrx_word' id='word_1_31' title='bbox 562 1009 647 1072; x_wconf 83' lang='lat' dir='ltr'>quam</span> <span class='ocrx_word' id='word_1_32' title='bbox 679 987 746 1053; x_wconf 88' lang='lat' dir='ltr'>aliis</span> <span class='ocrx_word' id='word_1_33' title='bbox 768 994 820 1052; x_wconf 87' lang='lat' dir='ltr'>vi-</span> 
     </span>
     <span class='ocr_line' id='line_1_8' title="bbox 159 1095 819 1182; baseline 0.002 -23"><span class='ocrx_word' id='word_1_34' title='bbox 159 1097 235 1160; x_wconf 84' lang='lat' dir='ltr'>eilms</span> <span class='ocrx_word' id='word_1_35' title='bbox 258 1095 395 1182; x_wconf 86' lang='lat' dir='ltr'>(semper</span> <span class='ocrx_word' id='word_1_36' title='bbox 417 1114 542 1176; x_wconf 81' lang='lat' dir='ltr'>namque</span> <span class='ocrx_word' id='word_1_37' title='bbox 564 1095 710 1179; x_wconf 76' lang='lat' dir='ltr'>profunde</span> <span class='ocrx_word' id='word_1_38' title='bbox 727 1116 819 1180; x_wconf 83' lang='lat' dir='ltr'>usque</span> 
     </span>
    </p>
   </div>
   <div class='ocr_carea' id='block_1_2' title="bbox 156 1198 862 1288">
    <p class='ocr_par' dir='ltr' id='par_1_2' title="bbox 156 1198 862 1288">
     <span class='ocr_line' id='line_1_9' title="bbox 156 1198 862 1288; baseline 0 -23"><span class='ocrx_word' id='word_1_39' title='bbox 156 1202 189 1265; x_wconf 86' lang='lat' dir='ltr'>ed</span> <span class='ocrx_word' id='word_1_40' title='bbox 202 1212 310 1265; x_wconf 83' lang='lat' dir='ltr'>terram</span> <span class='ocrx_word' id='word_1_41' title='bbox 326 1204 356 1264; x_wconf 91' lang='lat' dir='ltr'>in</span> <span class='ocrx_word' id='word_1_42' title='bbox 368 1222 465 1284; x_wconf 82' lang='lat' dir='ltr'>genus</span> <span class='ocrx_word' id='word_1_43' title='bbox 475 1212 523 1265; x_wconf 86' lang='lat' dir='ltr'>est</span> <span class='ocrx_word' id='word_1_44' title='bbox 537 1202 817 1288; x_wconf 83' lang='lat' dir='ltr'>procumbendum).</span> <span class='ocrx_word' id='word_1_45' title='bbox 860 1198 862 1207; x_wconf 75' lang='grc'>’</span> 
     </span>
    </p>
   </div>
   <div class='ocr_carea' id='block_1_3' title="bbox 148 1307 820 2779">
    <p class='ocr_par' dir='ltr' id='par_1_3' title="bbox 148 1307 820 2779">
     <span class='ocr_line' id='line_1_10' title="bbox 159 1307 819 1374; baseline 0 -1"><span class='ocrx_word' id='word_1_46' title='bbox 159 1311 226 1373; x_wconf 83' lang='lat' dir='ltr'>Post</span> <span class='ocrx_word' id='word_1_47' title='bbox 240 1307 504 1372; x_wconf 77' lang='lat' dir='ltr'>consecrationem</span> <span class='ocrx_word' id='word_1_48' title='bbox 528 1329 600 1372; x_wconf 86' lang='lat' dir='ltr'>vero</span> <span class='ocrx_word' id='word_1_49' title='bbox 623 1309 663 1373; x_wconf 90' lang='lat' dir='ltr'>ad</span> <span class='ocrx_word' id='word_1_50' title='bbox 684 1310 819 1374; x_wconf 73' lang='lat' dir='ltr'>undeet</span> 
     </span>
     <span class='ocr_line' id='line_1_11' title="bbox 156 1414 819 1495; baseline 0.005 -18"><span class='ocrx_word' id='word_1_51' title='bbox 156 1433 290 1479; x_wconf 78' lang='lat' dir='ltr'>memores</span> <span class='ocrx_word' id='word_1_52' title='bbox 304 1434 364 1479; x_wconf 93' lang='lat' dir='ltr'>non</span> <span class='ocrx_word' id='word_1_53' title='bbox 381 1414 497 1478; x_wconf 85' lang='lat' dir='ltr'>braolia</span> <span class='ocrx_word' id='word_1_54' title='bbox 514 1414 659 1495; x_wconf 82' lang='lat' dir='ltr'>extendit,</span> <span class='ocrx_word' id='word_1_55' title='bbox 681 1417 735 1480; x_wconf 89' lang='lat' dir='ltr'>sed</span> <span class='ocrx_word' id='word_1_56' title='bbox 751 1438 819 1480; x_wconf 86' lang='lat' dir='ltr'>mo-</span> 
     </span>
     <span class='ocr_line' id='line_1_12' title="bbox 159 1520 820 1605; baseline 0.005 -20"><span class='ocrx_word' id='word_1_57' title='bbox 159 1531 353 1601; x_wconf 78' lang='lat' dir='ltr'>unstrutam,</span> <span class='ocrx_word' id='word_1_58' title='bbox 376 1520 561 1605; x_wconf 82' lang='lat' dir='ltr'>petenem1)</span> <span class='ocrx_word' id='word_1_59' title='bbox 584 1532 683 1587; x_wconf 82' lang='lat' dir='ltr'>sutem</span> <span class='ocrx_word' id='word_1_60' title='bbox 706 1529 820 1588; x_wconf 84' lang='lat' dir='ltr'>nonin</span> 
     </span>
     <span class='ocr_line' id='line_1_13' title="bbox 157 1628 819 1707; baseline 0.003 -14"><span class='ocrx_word' id='word_1_61' title='bbox 157 1629 250 1693; x_wconf 91' lang='lat' dir='ltr'>medio</span> <span class='ocrx_word' id='word_1_62' title='bbox 265 1631 427 1707; x_wconf 85' lang='lat' dir='ltr'>oseulatur,</span> <span class='ocrx_word' id='word_1_63' title='bbox 450 1628 503 1692; x_wconf 93' lang='lat' dir='ltr'>sed</span> <span class='ocrx_word' id='word_1_64' title='bbox 528 1634 558 1692; x_wconf 90' lang='lat' dir='ltr'>in</span> <span class='ocrx_word' id='word_1_65' title='bbox 581 1651 635 1692; x_wconf 88' lang='lat' dir='ltr'>ora</span> <span class='ocrx_word' id='word_1_66' title='bbox 648 1650 701 1694; x_wconf 90' lang='lat' dir='ltr'>seu</span> <span class='ocrx_word' id='word_1_67' title='bbox 715 1642 819 1695; x_wconf 85' lang='lat' dir='ltr'>extre-</span> 
     </span>
     <span class='ocr_line' id='line_1_14' title="bbox 156 1733 818 1822; baseline 0.002 -22"><span class='ocrx_word' id='word_1_68' title='bbox 156 1736 252 1800; x_wconf 79' lang='lat' dir='ltr'>mitme</span> <span class='ocrx_word' id='word_1_69' title='bbox 275 1735 340 1822; x_wconf 90' lang='lat' dir='ltr'>ejus</span> <span class='ocrx_word' id='word_1_70' title='bbox 355 1733 389 1818; x_wconf 81' lang='lat'>²)</span> <span class='ocrx_word' id='word_1_71' title='bbox 412 1745 582 1819; x_wconf 79' lang='lat' dir='ltr'>coeteraque</span> <span class='ocrx_word' id='word_1_72' title='bbox 605 1741 721 1814; x_wconf 79' lang='lat' dir='ltr'>omnm,</span> <span class='ocrx_word' id='word_1_73' title='bbox 744 1758 818 1821; x_wconf 82' lang='lat' dir='ltr'>quae</span> 
     </span>
     <span class='ocr_line' id='line_1_15' title="bbox 155 1840 814 1926; baseline 0.005 -21"><span class='ocrx_word' id='word_1_74' title='bbox 155 1843 191 1906; x_wconf 86' lang='lat' dir='ltr'>nb</span> <span class='ocrx_word' id='word_1_75' title='bbox 221 1840 290 1905; x_wconf 80' lang='lat' dir='ltr'>aliis</span> <span class='ocrx_word' id='word_1_76' title='bbox 327 1850 447 1925; x_wconf 83' lang='lat' dir='ltr'>praeter</span> <span class='ocrx_word' id='word_1_77' title='bbox 473 1844 608 1907; x_wconf 77' lang='lat' dir='ltr'>rubritas</span> <span class='ocrx_word' id='word_1_78' title='bbox 644 1845 692 1906; x_wconf 88' lang='lat' dir='ltr'>vel</span> <span class='ocrx_word' id='word_1_79' title='bbox 727 1862 814 1926; x_wconf 83' lang='lat' dir='ltr'>pree·</span> 
     </span>
     <span class='ocr_line' id='line_1_16' title="bbox 154 1947 819 2032; baseline 0.008 -21"><span class='ocrx_word' id='word_1_80' title='bbox 154 1950 263 2032; x_wconf 85' lang='lat' dir='ltr'>seripta</span> <span class='ocrx_word' id='word_1_81' title='bbox 284 1953 316 2012; x_wconf 77' lang='lat' dir='ltr'>ln</span> <span class='ocrx_word' id='word_1_82' title='bbox 339 1947 427 2012; x_wconf 82' lang='lat' dir='ltr'>libris</span> <span class='ocrx_word' id='word_1_83' title='bbox 444 1949 632 2014; x_wconf 84' lang='lat' dir='ltr'>invenianter</span> <span class='ocrx_word' id='word_1_84' title='bbox 646 1953 694 2013; x_wconf 89' lang='lat' dir='ltr'>vel</span> <span class='ocrx_word' id='word_1_85' title='bbox 707 1953 819 2015; x_wconf 87' lang='lat' dir='ltr'>obser-</span> 
     </span>
     <span class='ocr_line' id='line_1_17' title="bbox 153 2053 818 2143; baseline 0.003 -24"><span class='ocrx_word' id='word_1_86' title='bbox 153 2065 217 2120; x_wconf 82' lang='lat' dir='ltr'>vate</span> <span class='ocrx_word' id='word_1_87' title='bbox 237 2059 269 2121; x_wconf 90' lang='lat' dir='ltr'>in</span> <span class='ocrx_word' id='word_1_88' title='bbox 293 2060 392 2137; x_wconf 81' lang='lat' dir='ltr'>praxi,</span> <span class='ocrx_word' id='word_1_89' title='bbox 411 2055 480 2143; x_wconf 82' lang='lat' dir='ltr'>jure</span> <span class='ocrx_word' id='word_1_90' title='bbox 493 2075 549 2120; x_wconf 87' lang='lat' dir='ltr'>suo</span> <span class='ocrx_word' id='word_1_91' title='bbox 564 2053 702 2140; x_wconf 80' lang='lat' dir='ltr'>negligit,</span> <span class='ocrx_word' id='word_1_92' title='bbox 725 2078 818 2140; x_wconf 90' lang='lat' dir='ltr'>prae-</span> 
     </span>
     <span class='ocr_line' id='line_1_18' title="bbox 152 2162 818 2252; baseline 0.002 -24"><span class='ocrx_word' id='word_1_93' title='bbox 152 2168 251 2228; x_wconf 85' lang='lat' dir='ltr'>sertim</span> <span class='ocrx_word' id='word_1_94' title='bbox 280 2183 354 2226; x_wconf 88' lang='lat' dir='ltr'>vero</span> <span class='ocrx_word' id='word_1_95' title='bbox 384 2162 678 2246; x_wconf 74' lang='lat' dir='ltr'>praeceptamillml</span> <span class='ocrx_word' id='word_1_96' title='bbox 708 2165 818 2252; x_wconf 75' lang='lat' dir='ltr'>rejicit,</span> 
     </span>
     <span class='ocr_line' id='line_1_19' title="bbox 152 2266 818 2354; baseline 0.003 -20"><span class='ocrx_word' id='word_1_97' title='bbox 152 2291 208 2354; x_wconf 79' lang='lat' dir='ltr'>quo</span> <span class='ocrx_word' id='word_1_98' title='bbox 237 2269 356 2354; x_wconf 81' lang='lat' dir='ltr'>quidam</span> <span class='ocrx_word' id='word_1_99' title='bbox 387 2288 426 2333; x_wconf 83' lang='lat' dir='ltr'>ex</span> <span class='ocrx_word' id='word_1_100' title='bbox 450 2266 613 2351; x_wconf 78' lang='lat' dir='ltr'>cisalpinis</span> <span class='ocrx_word' id='word_1_101' title='bbox 640 2269 763 2347; x_wconf 87' lang='lat' dir='ltr'>volunt,</span> <span class='ocrx_word' id='word_1_102' title='bbox 787 2270 818 2336; x_wconf 89' lang='lat' dir='ltr'>ut</span> 
     </span>
     <span class='ocr_line' id='line_1_20' title="bbox 154 2375 818 2462; baseline 0.006 -22"><span class='ocrx_word' id='word_1_103' title='bbox 154 2386 269 2460; x_wconf 79' lang='lat' dir='ltr'>patene,</span> <span class='ocrx_word' id='word_1_104' title='bbox 285 2376 438 2459; x_wconf 85' lang='lat' dir='ltr'>quandos.</span> <span class='ocrx_word' id='word_1_105' title='bbox 448 2375 590 2441; x_wconf 75' lang='lat' dir='ltr'>tomam</span> <span class='ocrx_word' id='word_1_106' title='bbox 600 2383 677 2459; x_wconf 78' lang='lat' dir='ltr'>tpsis</span> <span class='ocrx_word' id='word_1_107' title='bbox 689 2389 736 2442; x_wconf 80' lang='lat' dir='ltr'>eet</span> <span class='ocrx_word' id='word_1_108' title='bbox 747 2389 818 2462; x_wconf 89' lang='lat' dir='ltr'>post</span> 
     </span>
     <span class='ocr_line' id='line_1_21' title="bbox 150 2482 817 2567; baseline 0.004 -19"><span class='ocrx_word' id='word_1_109' title='bbox 150 2482 401 2565; x_wconf 71' lang='lat' dir='ltr'>,perturbatiore</span> <span class='ocrx_word' id='word_1_110' title='bbox 434 2485 560 2547; x_wconf 65' lang='lat' dir='ltr'>secem‘</span> <span class='ocrx_word' id='word_1_111' title='bbox 594 2483 757 2567; x_wconf 73' lang='lat' dir='ltr'>imposita,</span> <span class='ocrx_word' id='word_1_112' title='bbox 801 2509 817 2551; x_wconf 91' lang='lat' dir='ltr'>e</span> 
     </span>
     <span class='ocr_line' id='line_1_22' title="bbox 148 2589 816 2676; baseline 0 -20"><span class='ocrx_word' id='word_1_113' title='bbox 148 2593 245 2656; x_wconf 88' lang='lat' dir='ltr'>medio</span> <span class='ocrx_word' id='word_1_114' title='bbox 275 2589 453 2673; x_wconf 77' lang='lat' dir='ltr'>corporalia</span> <span class='ocrx_word' id='word_1_115' title='bbox 482 2610 589 2655; x_wconf 83' lang='lat' dir='ltr'>versus</span> <span class='ocrx_word' id='word_1_116' title='bbox 617 2609 711 2655; x_wconf 83' lang='lat' dir='ltr'>sornu</span> <span class='ocrx_word' id='word_1_117' title='bbox 740 2590 816 2676; x_wconf 78' lang='lat' dir='ltr'>lipi-</span> 
     </span>
     <span class='ocr_line' id='line_1_23' title="bbox 149 2699 714 2779; baseline 0.004 -16"><span class='ocrx_word' id='word_1_118' title='bbox 149 2701 245 2764; x_wconf 86' lang='lat' dir='ltr'>stolae</span> <span class='ocrx_word' id='word_1_119' title='bbox 268 2708 319 2762; x_wconf 86' lang='lat' dir='ltr'>aut</span> <span class='ocrx_word' id='word_1_120' title='bbox 341 2699 496 2779; x_wconf 79' lang='lat' dir='ltr'>Evangelii</span> <span class='ocrx_word' id='word_1_121' title='bbox 518 2708 714 2765; x_wconf 79' lang='lat' dir='ltr'>removeatur.</span> 
     </span>
    </p>
   </div>
   <div class='ocr_carea' id='block_1_4' title="bbox 214 2876 816 2955">
    <p class='ocr_par' dir='ltr' id='par_1_4' title="bbox 214 2876 816 2955">
     <span class='ocr_line' id='line_1_24' title="bbox 214 2876 816 2955; baseline -0.007 -12"><span class='ocrx_word' id='word_1_122' title='bbox 214 2883 267 2943; x_wconf 79' lang='grc'>34.</span> <span class='ocrx_word' id='word_1_123' title='bbox 292 2878 387 2941; x_wconf 78' lang='lat' dir='ltr'>Pauor</span> <span class='ocrx_word' id='word_1_124' title='bbox 410 2876 482 2940; x_wconf 86' lang='lat' dir='ltr'>haee</span> <span class='ocrx_word' id='word_1_125' title='bbox 504 2876 653 2940; x_wconf 84' lang='lat' dir='ltr'>indimsse</span> <span class='ocrx_word' id='word_1_126' title='bbox 675 2876 816 2955; x_wconf 84' lang='lat' dir='ltr'>suilieiat,</span> 
     </span>
    </p>
   </div>
   <div class='ocr_carea' id='block_1_5' title="bbox 877 2875 1515 2960">
    <p class='ocr_par' dir='ltr' id='par_1_5' title="bbox 877 2875 1515 2960">
     <span class='ocr_line' id='line_1_25' title="bbox 877 2875 1515 2960; baseline -0.003 -16"><span class='ocrx_word' id='word_1_127' title='bbox 877 2902 880 2907; x_wconf 65' lang='grc'><em>’</em></span> <span class='ocrx_word' id='word_1_128' title='bbox 914 2884 967 2944; x_wconf 75' lang='lat' dir='ltr'>st.</span> <span class='ocrx_word' id='word_1_129' title='bbox 987 2877 1147 2960; x_wconf 75' lang='lat' dir='ltr'>legitimis</span> <span class='ocrx_word' id='word_1_130' title='bbox 1161 2875 1425 2942; x_wconf 80' lang='lat' dir='ltr'>consuetudinibus</span> <span class='ocrx_word' id='word_1_131' title='bbox 1440 2876 1515 2942; x_wconf 83' lang='lat' dir='ltr'>haee</span> 
     </span>
    </p>
   </div>
   <div class='ocr_carea' id='block_1_6' title="bbox 131 2981 1515 4245">
    <p class='ocr_par' dir='ltr' id='par_1_6' title="bbox 131 2981 1515 4245">
     <span class='ocr_line' id='line_1_26' title="bbox 146 2981 1514 3073; baseline 0.001 -24"><span class='ocrx_word' id='word_1_132' title='bbox 146 2995 180 3049; x_wconf 91' lang='lat' dir='ltr'>ut</span> <span class='ocrx_word' id='word_1_133' title='bbox 218 2984 410 3062; x_wconf 84' lang='lat' dir='ltr'>ostendatur,</span> <span class='ocrx_word' id='word_1_134' title='bbox 444 2981 598 3073; x_wconf 78' lang='lat' dir='ltr'>Romanos</span> <span class='ocrx_word' id='word_1_135' title='bbox 630 2987 816 3068; x_wconf 83' lang='lat' dir='ltr'>quantumvis</span> <span class='ocrx_word' id='word_1_136' title='bbox 846 2992 932 3069; x_wconf 80' lang='lat' dir='ltr'>atque</span> <span class='ocrx_word' id='word_1_137' title='bbox 959 2984 1042 3048; x_wconf 83' lang='lat' dir='ltr'>lusos</span> <span class='ocrx_word' id='word_1_138' title='bbox 1068 2982 1179 3049; x_wconf 76' lang='lat' dir='ltr'>similia</span> <span class='ocrx_word' id='word_1_139' title='bbox 1206 2989 1360 3049; x_wconf 77' lang='lat' dir='ltr'>accenseri</span> <span class='ocrx_word' id='word_1_140' title='bbox 1391 2984 1514 3050; x_wconf 87' lang='lat' dir='ltr'>minime</span> 
     </span>
     <span class='ocr_line' id='line_1_27' title="bbox 145 3090 1514 3175; baseline 0.002 -20"><span class='ocrx_word' id='word_1_141' title='bbox 145 3090 296 3155; x_wconf 81' lang='lat' dir='ltr'>sollicitos</span> <span class='ocrx_word' id='word_1_142' title='bbox 319 3100 350 3154; x_wconf 92' lang='lat' dir='ltr'>ut</span> <span class='ocrx_word' id='word_1_143' title='bbox 372 3109 475 3155; x_wconf 87' lang='lat' dir='ltr'>saeree</span> <span class='ocrx_word' id='word_1_144' title='bbox 501 3093 702 3155; x_wconf 82' lang='lat' dir='ltr'>caeremoniae</span> <span class='ocrx_word' id='word_1_145' title='bbox 724 3111 816 3174; x_wconf 83' lang='lat' dir='ltr'>prae·</span> <span class='ocrx_word' id='word_1_146' title='bbox 846 3103 980 3175; x_wconf 84' lang='lat' dir='ltr'>possunt.</span> <span class='ocrx_word' id='word_1_147' title='bbox 1003 3092 1193 3175; x_wconf 86' lang='lat' dir='ltr'>irrepserunt</span> <span class='ocrx_word' id='word_1_148' title='bbox 1207 3110 1249 3155; x_wconf 79' lang='lat' dir='ltr'>so</span> <span class='ocrx_word' id='word_1_149' title='bbox 1262 3097 1514 3174; x_wconf 84' lang='lat' dir='ltr'>temporumvitio</span> 
     </span>
     <span class='ocr_line' id='line_1_28' title="bbox 144 3198 1515 3283; baseline 0.003 -22"><span class='ocrx_word' id='word_1_150' title='bbox 144 3198 307 3281; x_wconf 74' lang='lat' dir='ltr'>scriptique</span> <span class='ocrx_word' id='word_1_151' title='bbox 336 3198 374 3261; x_wconf 85' lang='lat' dir='ltr'>nb</span> <span class='ocrx_word' id='word_1_152' title='bbox 411 3200 537 3262; x_wconf 82' lang='lat' dir='ltr'>ecclesis</span> <span class='ocrx_word' id='word_1_153' title='bbox 567 3205 643 3262; x_wconf 89' lang='lat' dir='ltr'>ritus</span> <span class='ocrx_word' id='word_1_154' title='bbox 674 3210 742 3280; x_wconf 86' lang='lat' dir='ltr'>apte</span> <span class='ocrx_word' id='word_1_155' title='bbox 776 3199 813 3263; x_wconf 85' lang='lat' dir='ltr'>ad</span> <span class='ocrx_word' id='word_1_156' title='bbox 846 3200 1054 3283; x_wconf 78' lang='lat' dir='ltr'>nummumque</span> <span class='ocrx_word' id='word_1_157' title='bbox 1084 3200 1196 3263; x_wconf 80' lang='lat' dir='ltr'>incuria</span> <span class='ocrx_word' id='word_1_158' title='bbox 1220 3206 1307 3282; x_wconf 82' lang='lat' dir='ltr'>atque</span> <span class='ocrx_word' id='word_1_159' title='bbox 1327 3201 1515 3283; x_wconf 79' lang='lat' dir='ltr'>negligentis</span> 
     </span>
     <span class='ocr_line' id='line_1_29' title="bbox 144 3304 1514 3389; baseline 0.003 -20"><span class='ocrx_word' id='word_1_160' title='bbox 144 3323 245 3369; x_wconf 90' lang='lat' dir='ltr'>rerum</span> <span class='ocrx_word' id='word_1_161' title='bbox 269 3304 442 3386; x_wconf 84' lang='lat' dir='ltr'>dignitatem</span> <span class='ocrx_word' id='word_1_162' title='bbox 465 3304 646 3387; x_wconf 78' lang='lat' dir='ltr'>honesteque</span> <span class='ocrx_word' id='word_1_163' title='bbox 663 3325 814 3389; x_wconf 84' lang='lat' dir='ltr'>perngen-</span> <span class='ocrx_word' id='word_1_164' title='bbox 847 3305 958 3370; x_wconf 89' lang='lat' dir='ltr'>diversi</span> <span class='ocrx_word' id='word_1_165' title='bbox 974 3326 1097 3372; x_wconf 85' lang='lat' dir='ltr'>errores</span> <span class='ocrx_word' id='word_1_166' title='bbox 1113 3308 1284 3389; x_wconf 84' lang='lat' dir='ltr'>diversique</span> <span class='ocrx_word' id='word_1_167' title='bbox 1305 3308 1343 3371; x_wconf 84' lang='lat' dir='ltr'>ab</span> <span class='ocrx_word' id='word_1_168' title='bbox 1358 3312 1514 3388; x_wconf 76' lang='lat' dir='ltr'>augustis.-</span> 
     </span>
     <span class='ocr_line' id='line_1_30' title="bbox 143 3411 1515 3495; baseline 0.003 -20"><span class='ocrx_word' id='word_1_169' title='bbox 143 3423 195 3475; x_wconf 87' lang='lat' dir='ltr'>tur</span> <span class='ocrx_word' id='word_1_170' title='bbox 217 3419 304 3495; x_wconf 82' lang='lat' dir='ltr'>etque</span> <span class='ocrx_word' id='word_1_171' title='bbox 327 3412 443 3482; x_wconf 83' lang='lat' dir='ltr'>desere,</span> <span class='ocrx_word' id='word_1_172' title='bbox 458 3411 687 3491; x_wconf 68' lang='lat' dir='ltr'>infensissimos</span> <span class='ocrx_word' id='word_1_173' title='bbox 716 3423 813 3477; x_wconf 88' lang='lat' dir='ltr'>tomen</span> <span class='ocrx_word' id='word_1_174' title='bbox 845 3416 972 3495; x_wconf 82' lang='lat' dir='ltr'>slmique</span> <span class='ocrx_word' id='word_1_175' title='bbox 994 3413 1136 3479; x_wconf 73' lang='lat' dir='ltr'>samueli</span> <span class='ocrx_word' id='word_1_176' title='bbox 1157 3413 1302 3494; x_wconf 78' lang='lat' dir='ltr'>dignitate</span> <span class='ocrx_word' id='word_1_177' title='bbox 1324 3415 1414 3478; x_wconf 87' lang='lat' dir='ltr'>alieni</span> <span class='ocrx_word' id='word_1_178' title='bbox 1436 3415 1515 3480; x_wconf 82' lang='lat' dir='ltr'>sbu-</span> 
     </span>
     <span class='ocr_line' id='line_1_31' title="bbox 142 3514 1514 3604; baseline 0.004 -23"><span class='ocrx_word' id='word_1_179' title='bbox 142 3517 294 3585; x_wconf 80' lang='lat' dir='ltr'>rr&#39;de&#39;eulis</span> <span class='ocrx_word' id='word_1_180' title='bbox 304 3514 593 3603; x_wconf 72' lang='lat' dir='ltr'>qestimlais&#39;om&#39;lus</span> <span class='ocrx_word' id='word_1_181' title='bbox 617 3538 685 3584; x_wconf 87' lang='lat' dir='ltr'>esse</span> <span class='ocrx_word' id='word_1_182' title='bbox 700 3539 814 3600; x_wconf 82' lang='lat' dir='ltr'>super·</span> <span class='ocrx_word' id='word_1_183' title='bbox 844 3538 909 3597; x_wconf 86' lang='lat' dir='ltr'>sus,</span> <span class='ocrx_word' id='word_1_184' title='bbox 932 3518 1040 3600; x_wconf 85' lang='lat' dir='ltr'>quibus</span> <span class='ocrx_word' id='word_1_185' title='bbox 1054 3519 1205 3604; x_wconf 82' lang='lat' dir='ltr'>paulatim,</span> <span class='ocrx_word' id='word_1_186' title='bbox 1229 3523 1369 3601; x_wconf 78' lang='lat' dir='ltr'>genuinis</span> <span class='ocrx_word' id='word_1_187' title='bbox 1383 3521 1514 3587; x_wconf 88' lang='lat' dir='ltr'>rubrieia</span> 
     </span>
     <span class='ocr_line' id='line_1_32' title="bbox 138 3626 1514 3710; baseline 0.004 -21"><span class='ocrx_word' id='word_1_188' title='bbox 138 3628 281 3710; x_wconf 70' lang='lat' dir='ltr'>florisque</span> <span class='ocrx_word' id='word_1_189' title='bbox 311 3646 444 3709; x_wconf 72' lang='lat' dir='ltr'>persuum</span> <span class='ocrx_word' id='word_1_190' title='bbox 473 3626 647 3709; x_wconf 77' lang='lat' dir='ltr'>cupitisque</span> <span class='ocrx_word' id='word_1_191' title='bbox 680 3629 814 3707; x_wconf 77' lang='lat' dir='ltr'>t&#39;nllem&#39;-</span> <span class='ocrx_word' id='word_1_192' title='bbox 844 3627 1006 3708; x_wconf 83' lang='lat' dir='ltr'>negleetis,</span> <span class='ocrx_word' id='word_1_193' title='bbox 1039 3633 1237 3691; x_wconf 75' lang='lat' dir='ltr'>assuevimus.</span> <span class='ocrx_word' id='word_1_194' title='bbox 1283 3626 1393 3690; x_wconf 85' lang='lat' dir='ltr'>llerito</span> <span class='ocrx_word' id='word_1_195' title='bbox 1423 3628 1514 3710; x_wconf 80' lang='lat' dir='ltr'>igitur</span> 
     </span>
     <span class='ocr_line' id='line_1_33' title="bbox 140 3729 1513 3817; baseline 0.001 -19"><span class='ocrx_word' id='word_1_196' title='bbox 140 3733 258 3798; x_wconf 75' lang='lat' dir='ltr'>onibus</span> <span class='ocrx_word' id='word_1_197' title='bbox 288 3736 383 3816; x_wconf 81' lang='lat' dir='ltr'>etque</span> <span class='ocrx_word' id='word_1_198' title='bbox 411 3729 548 3796; x_wconf 76' lang='lat' dir='ltr'>insolitis</span> <span class='ocrx_word' id='word_1_199' title='bbox 578 3736 609 3796; x_wconf 82' lang='lat' dir='ltr'>el</span> <span class='ocrx_word' id='word_1_200' title='bbox 632 3752 672 3795; x_wconf 78' lang='lat' dir='ltr'>es</span> <span class='ocrx_word' id='word_1_201' title='bbox 692 3734 814 3816; x_wconf 74' lang='lat' dir='ltr'>proprio</span> <span class='ocrx_word' id='word_1_202' title='bbox 845 3731 957 3796; x_wconf 90' lang='lat' dir='ltr'>olerum</span> <span class='ocrx_word' id='word_1_203' title='bbox 979 3735 1079 3797; x_wconf 88' lang='lat' dir='ltr'>verbis</span> <span class='ocrx_word' id='word_1_204' title='bbox 1103 3743 1209 3817; x_wconf 79' lang='lat' dir='ltr'>urgent</span> <span class='ocrx_word' id='word_1_205' title='bbox 1236 3734 1382 3799; x_wconf 82' lang='lat' dir='ltr'>ordinarii</span> <span class='ocrx_word' id='word_1_206' title='bbox 1404 3735 1513 3801; x_wconf 84' lang='lat' dir='ltr'>editis-</span> 
     </span>
     <span class='ocr_line' id='line_1_34' title="bbox 131 3837 1512 3926; baseline 0.001 -22"><span class='ocrx_word' id='word_1_207' title='bbox 131 3840 264 3922; x_wconf 69' lang='lat' dir='ltr'>judaeo</span> <span class='ocrx_word' id='word_1_208' title='bbox 282 3840 470 3922; x_wconf 79' lang='lat' dir='ltr'>deprmnpts&#39;s</span> <span class='ocrx_word' id='word_1_209' title='bbox 484 3841 692 3919; x_wconf 71' lang='lat' dir='ltr'>coeremoniis,</span> <span class='ocrx_word' id='word_1_210' title='bbox 709 3839 814 3923; x_wconf 87' lang='lat' dir='ltr'>quibus</span> <span class='ocrx_word' id='word_1_211' title='bbox 845 3858 900 3922; x_wconf 89' lang='lat' dir='ltr'>que</span> <span class='ocrx_word' id='word_1_212' title='bbox 914 3837 1027 3904; x_wconf 86' lang='lat' dir='ltr'>libellis</span> <span class='ocrx_word' id='word_1_213' title='bbox 1043 3842 1267 3926; x_wconf 77' lang='lat' dir='ltr'>propositisque</span> <span class='ocrx_word' id='word_1_214' title='bbox 1290 3842 1321 3905; x_wconf 92' lang='lat' dir='ltr'>in</span> <span class='ocrx_word' id='word_1_215' title='bbox 1344 3840 1512 3905; x_wconf 86' lang='lat' dir='ltr'>calendario</span> 
     </span>
     <span class='ocr_line' id='line_1_35' title="bbox 138 3945 1514 4031; baseline 0.001 -20"><span class='ocrx_word' id='word_1_216' title='bbox 138 3968 210 4011; x_wconf 87' lang='lat' dir='ltr'>rem</span> <span class='ocrx_word' id='word_1_217' title='bbox 242 3947 434 4011; x_wconf 80' lang='lat' dir='ltr'>christianam</span> <span class='ocrx_word' id='word_1_218' title='bbox 465 3955 495 4009; x_wconf 94' lang='lat' dir='ltr'>et</span> <span class='ocrx_word' id='word_1_219' title='bbox 529 3946 702 4028; x_wconf 78' lang='lat' dir='ltr'>pertaubant</span> <span class='ocrx_word' id='word_1_220' title='bbox 733 3947 814 4008; x_wconf 83' lang='lat' dir='ltr'>leves</span> <span class='ocrx_word' id='word_1_221' title='bbox 845 3948 968 4011; x_wconf 85' lang='lat' dir='ltr'>monitis</span> <span class='ocrx_word' id='word_1_222' title='bbox 990 3945 1163 4031; x_wconf 83' lang='lat' dir='ltr'>impellunt,</span> <span class='ocrx_word' id='word_1_223' title='bbox 1194 3957 1226 4015; x_wconf 86' lang='lat' dir='ltr'>ut</span> <span class='ocrx_word' id='word_1_224' title='bbox 1252 3951 1342 4014; x_wconf 88' lang='lat' dir='ltr'>rebus</span> <span class='ocrx_word' id='word_1_225' title='bbox 1365 3950 1462 4013; x_wconf 82' lang='lat' dir='ltr'>saeris</span> <span class='ocrx_word' id='word_1_226' title='bbox 1483 3956 1514 4013; x_wconf 84' lang='lat' dir='ltr'>et</span> 
     </span>
     <span class='ocr_line' id='line_1_36' title="bbox 138 4049 1513 4138; baseline 0.001 -20"><span class='ocrx_word' id='word_1_227' title='bbox 138 4053 277 4118; x_wconf 83' lang='lat' dir='ltr'>ministri</span> <span class='ocrx_word' id='word_1_228' title='bbox 301 4063 330 4117; x_wconf 90' lang='lat' dir='ltr'>et</span> <span class='ocrx_word' id='word_1_229' title='bbox 345 4054 520 4119; x_wconf 78' lang='lat' dir='ltr'>deformant.</span> <span class='ocrx_word' id='word_1_230' title='bbox 560 4049 814 4132; x_wconf 77' lang='lat' dir='ltr'>Quemadmodum</span> <span class='ocrx_word' id='word_1_231' title='bbox 845 4053 1189 4119; x_wconf 78' lang='lat' dir='ltr'>ritibus-eoelesinstiols</span> <span class='ocrx_word' id='word_1_232' title='bbox 1210 4055 1416 4138; x_wconf 82' lang='lat' dir='ltr'>perdissendls</span> <span class='ocrx_word' id='word_1_233' title='bbox 1438 4055 1513 4120; x_wconf 87' lang='lat' dir='ltr'>dili-</span> 
     </span>
     <span class='ocr_line' id='line_1_37' title="bbox 137 4148 1166 4245; baseline -0.003 -19"><span class='ocrx_word' id='word_1_234' title='bbox 137 4181 220 4244; x_wconf 83' lang='lat' dir='ltr'>ergo</span> <span class='ocrx_word' id='word_1_235' title='bbox 237 4196 281 4209; x_wconf 92' lang='lat'>—</span> <span class='ocrx_word' id='word_1_236' title='bbox 296 4161 351 4224; x_wconf 88' lang='lat' dir='ltr'>loe</span> <span class='ocrx_word' id='word_1_237' title='bbox 366 4163 443 4224; x_wconf 90' lang='lat' dir='ltr'>enim</span> <span class='ocrx_word' id='word_1_238' title='bbox 459 4155 618 4225; x_wconf 79' lang='lat' dir='ltr'>corollarii</span> <span class='ocrx_word' id='word_1_239' title='bbox 639 4165 736 4223; x_wconf 74' lang='lat' dir='ltr'>instar</span> <span class='ocrx_word' id='word_1_240' title='bbox 758 4160 815 4223; x_wconf 92' lang='lat' dir='ltr'>de·</span> <span class='ocrx_word' id='word_1_241' title='bbox 846 4170 951 4243; x_wconf 85' lang='lat' dir='ltr'>genter</span> <span class='ocrx_word' id='word_1_242' title='bbox 973 4148 1109 4245; x_wconf 74' lang='lat' dir='ltr'>invigilet</span> <span class='ocrx_word' id='word_1_243' title='bbox 1128 4159 1166 4242; x_wconf 87' lang='lat'>¹).</span> 
     </span>
    </p>
   </div>
   <div class='ocr_carea' id='block_1_7' title="bbox 132 4265 816 4565">
    <p class='ocr_par' dir='ltr' id='par_1_7' title="bbox 132 4265 816 4565">
     <span class='ocr_line' id='line_1_38' title="bbox 134 4265 815 4351; baseline -0.001 -19"><span class='ocrx_word' id='word_1_244' title='bbox 134 4268 216 4333; x_wconf 90' lang='lat' dir='ltr'>dnei</span> <span class='ocrx_word' id='word_1_245' title='bbox 239 4288 277 4332; x_wconf 88' lang='lat' dir='ltr'>ex</span> <span class='ocrx_word' id='word_1_246' title='bbox 298 4268 387 4334; x_wconf 88' lang='lat' dir='ltr'>dietis</span> <span class='ocrx_word' id='word_1_247' title='bbox 403 4276 499 4351; x_wconf 87' lang='lat' dir='ltr'>potest</span> <span class='ocrx_word' id='word_1_248' title='bbox 515 4302 557 4313; x_wconf 91' lang='lat'>—</span> <span class='ocrx_word' id='word_1_249' title='bbox 572 4265 815 4351; x_wconf 73' lang='lat' dir='ltr'>quemadmodum</span> 
     </span>
     <span class='ocr_line' id='line_1_39' title="bbox 134 4371 816 4457; baseline -0.006 -17"><span class='ocrx_word' id='word_1_250' title='bbox 134 4380 174 4440; x_wconf 88' lang='lat' dir='ltr'>in</span> <span class='ocrx_word' id='word_1_251' title='bbox 201 4379 294 4438; x_wconf 86' lang='lat' dir='ltr'>tertio</span> <span class='ocrx_word' id='word_1_252' title='bbox 318 4377 427 4457; x_wconf 88' lang='lat' dir='ltr'>prioris</span> <span class='ocrx_word' id='word_1_253' title='bbox 446 4375 540 4457; x_wconf 83' lang='lat' dir='ltr'>partis</span> <span class='ocrx_word' id='word_1_254' title='bbox 563 4376 660 4457; x_wconf 87' lang='lat' dir='ltr'>eapite</span> <span class='ocrx_word' id='word_1_255' title='bbox 678 4371 708 4452; x_wconf 76' lang='lat'>³)</span> <span class='ocrx_word' id='word_1_256' title='bbox 730 4375 816 4439; x_wconf 79' lang='lat' dir='ltr'>limi-</span> 
     </span>
     <span class='ocr_line' id='line_1_40' title="bbox 132 4481 815 4565; baseline -0.004 -18"><span class='ocrx_word' id='word_1_257' title='bbox 132 4481 344 4547; x_wconf 85' lang='lat' dir='ltr'>nentiasimos</span> <span class='ocrx_word' id='word_1_258' title='bbox 367 4481 521 4564; x_wconf 83' lang='lat' dir='ltr'>Principes</span> <span class='ocrx_word' id='word_1_259' title='bbox 543 4483 671 4565; x_wconf 85' lang='lat' dir='ltr'>pristino</span> <span class='ocrx_word' id='word_1_260' title='bbox 696 4502 815 4546; x_wconf 87' lang='lat' dir='ltr'>rursum</span> 
     </span>
    </p>
   </div>
   <div class='ocr_carea' id='block_1_8' title="bbox 129 4627 362 4645">
    <p class='ocr_par' dir='ltr' id='par_1_8' title="bbox 129 4627 362 4645">
     <span class='ocr_line' id='line_1_41' title="bbox 129 4627 362 4645; baseline -0.009 -4"><span class='ocrx_word' id='word_1_261' title='bbox 129 4627 362 4645; x_wconf 41' lang='lat' dir='ltr'><strong>w</strong></span> 
     </span>
    </p>
   </div>
   <div class='ocr_carea' id='block_1_9' title="bbox 180 4702 816 4770">
    <p class='ocr_par' dir='ltr' id='par_1_9' title="bbox 180 4702 816 4770">
     <span class='ocr_line' id='line_1_42' title="bbox 180 4702 816 4770; baseline 0 -15"><span class='ocrx_word' id='word_1_262' title='bbox 180 4702 208 4770; x_wconf 87' lang='lat'>¹)</span> <span class='ocrx_word' id='word_1_263' title='bbox 228 4704 300 4764; x_wconf 78' lang='lat' dir='ltr'>Quae</span> <span class='ocrx_word' id='word_1_264' title='bbox 311 4716 443 4768; x_wconf 76' lang='lat' dir='ltr'>nunqnam</span> <span class='ocrx_word' id='word_1_265' title='bbox 456 4707 558 4767; x_wconf 77' lang='lat' dir='ltr'>signnm</span> <span class='ocrx_word' id='word_1_266' title='bbox 571 4708 657 4756; x_wconf 84' lang='lat' dir='ltr'>erneis</span> <span class='ocrx_word' id='word_1_267' title='bbox 675 4706 752 4757; x_wconf 81' lang='lat' dir='ltr'>habet</span> <span class='ocrx_word' id='word_1_268' title='bbox 764 4708 816 4756; x_wconf 87' lang='lat' dir='ltr'>lm-</span> 
     </span>
    </p>
   </div>
   <div class='ocr_carea' id='block_1_10' title="bbox 173 4805 715 5037">
    <p class='ocr_par' dir='ltr' id='par_1_10' title="bbox 173 4805 715 5037">
     <span class='ocr_line' id='line_1_43' title="bbox 230 4805 422 4869; baseline -0.01 -26"><span class='ocrx_word' id='word_1_269' title='bbox 230 4805 360 4855; x_wconf 87' lang='lat' dir='ltr'>premum.</span> <span class='ocrx_word' id='word_1_270' title='bbox 417 4860 422 4869; x_wconf 34' lang='grc' dir='ltr'>Ι</span> 
     </span>
     <span class='ocr_line' id='line_1_44' title="bbox 173 4879 715 4950; baseline 0 -16"><span class='ocrx_word' id='word_1_271' title='bbox 173 4881 213 4950; x_wconf 78' lang='lat'>²)</span> <span class='ocrx_word' id='word_1_272' title='bbox 231 4884 276 4934; x_wconf 71' lang='lat' dir='ltr'>ut.</span> <span class='ocrx_word' id='word_1_273' title='bbox 293 4881 348 4934; x_wconf 81' lang='lat' dir='ltr'>Juli</span> <span class='ocrx_word' id='word_1_274' title='bbox 369 4879 436 4933; x_wconf 69' lang='grc'>1683</span> <span class='ocrx_word' id='word_1_275' title='bbox 457 4883 485 4931; x_wconf 91' lang='lat' dir='ltr'>in</span> <span class='ocrx_word' id='word_1_276' title='bbox 502 4881 620 4948; x_wconf 70' lang='lat' dir='ltr'>Aibipsn</span> <span class='ocrx_word' id='word_1_277' title='bbox 638 4882 670 4933; x_wconf 84' lang='lat' dir='ltr'>ed</span> <span class='ocrx_word' id='word_1_278' title='bbox 688 4883 715 4934; x_wconf 75' lang='lat' dir='ltr'>d.</span> 
     </span>
     <span class='ocr_line' id='line_1_45' title="bbox 176 4969 505 5037; baseline -0.009 -12"><span class='ocrx_word' id='word_1_279' title='bbox 176 4970 216 5037; x_wconf 79' lang='lat'>⁸)</span> <span class='ocrx_word' id='word_1_280' title='bbox 229 4982 257 5026; x_wconf 86' lang='lat' dir='ltr'>u.</span> <span class='ocrx_word' id='word_1_281' title='bbox 275 4972 320 5023; x_wconf 72' lang='lat'>8⁰.</span> <span class='ocrx_word' id='word_1_282' title='bbox 341 4969 400 5023; x_wconf 82' lang='lat' dir='ltr'>cnr.</span> <span class='ocrx_word' id='word_1_283' title='bbox 417 4969 459 5022; x_wconf 89' lang='lat' dir='ltr'>ill.</span> <span class='ocrx_word' id='word_1_284' title='bbox 489 4992 505 5013; x_wconf 70' lang='grc' dir='ltr'><em>ι</em></span> 
     </span>
    </p>
   </div>
   <div class='ocr_carea' id='block_1_11' title="bbox 848 4622 1062 4641">
    <p class='ocr_par' dir='ltr' id='par_1_11' title="bbox 848 4622 1062 4641">
     <span class='ocr_line' id='line_1_46' title="bbox 848 4622 1062 4641; baseline 0 0"><span class='ocrx_word' id='word_1_285' title='bbox 848 4622 1062 4641; x_wconf 55' lang='lat' dir='ltr'>m</span> 
     </span>
    </p>
   </div>
   <div class='ocr_carea' id='block_1_12' title="bbox 886 4701 1204 4769">
    <p class='ocr_par' dir='ltr' id='par_1_12' title="bbox 886 4701 1204 4769">
     <span class='ocr_line' id='line_1_47' title="bbox 886 4701 1204 4769; baseline -0.003 -16"><span class='ocrx_word' id='word_1_286' title='bbox 886 4701 910 4769; x_wconf 77' lang='lat'>¹)</span> <span class='ocrx_word' id='word_1_287' title='bbox 929 4703 1004 4757; x_wconf 80' lang='lat' dir='ltr'>coni.</span> <span class='ocrx_word' id='word_1_288' title='bbox 1023 4716 1101 4768; x_wconf 79' lang='lat' dir='ltr'>supro</span> <span class='ocrx_word' id='word_1_289' title='bbox 1119 4719 1144 4755; x_wconf 89' lang='lat' dir='ltr'>n.</span> <span class='ocrx_word' id='word_1_290' title='bbox 1164 4704 1204 4753; x_wconf 79' lang='lat'>¹0.</span> 
     </span>
    </p>
   </div>
   <div class='ocr_carea' id='block_1_13' title="bbox 0 0 1700 5218">
    <p class='ocr_par' dir='ltr' id='par_1_13' title="bbox 0 0 1700 5218">
     <span class='ocr_line' id='line_1_48' title="bbox 0 0 1700 5218; baseline 0 7"><span class='ocrx_word' id='word_1_291' title='bbox 0 0 1700 5218; x_wconf 95' lang='lat' dir='ltr'> </span> 
     </span>
    </p>
   </div>
  </div>
 </body>
</html>
