<?xml version="1.0" encoding="UTF-8"?>
<!DOCTYPE html PUBLIC "-//W3C//DTD XHTML 1.0 Transitional//EN"
    "http://www.w3.org/TR/xhtml1/DTD/xhtml1-transitional.dtd">
<html xmlns="http://www.w3.org/1999/xhtml" xml:lang="en" lang="en">
 <head>
  <title>
</title>
<meta http-equiv="Content-Type" content="text/html;charset=utf-8" />
  <meta name='ocr-system' content='tesseract 3.04.00' />
  <meta name='ocr-capabilities' content='ocr_page ocr_carea ocr_par ocr_line ocrx_word'/>
</head>
<body>
  <div class='ocr_page' id='page_1' title='image "./archivfrkatholi08jurigoog_0195.png"; bbox 0 0 3346 5216; ppageno 0'>
   <div class='ocr_carea' id='block_1_1' title="bbox 1425 220 1481 298">
    <p class='ocr_par' dir='ltr' id='par_1_1' title="bbox 1425 220 1481 298">
     <span class='ocr_line' id='line_1_1' title="bbox 1425 220 1481 298; baseline -0.018 0"><span class='ocrx_word' id='word_1_1' title='bbox 1425 220 1481 298; x_wconf 80' lang='lat' dir='ltr'><strong>ti·</strong></span> 
     </span>
    </p>
   </div>
   <div class='ocr_carea' id='block_1_2' title="bbox 115 411 1580 4677">
    <p class='ocr_par' dir='ltr' id='par_1_2' title="bbox 115 411 1580 4677">
     <span class='ocr_line' id='line_1_2' title="bbox 123 411 1478 496; baseline 0.002 -19"><span class='ocrx_word' id='word_1_2' title='bbox 123 417 279 495; x_wconf 84' lang='lat' dir='ltr'><strong>competit,</strong></span> <span class='ocrx_word' id='word_1_3' title='bbox 309 421 340 475; x_wconf 91' lang='lat' dir='ltr'><strong>et</strong></span> <span class='ocrx_word' id='word_1_4' title='bbox 361 411 510 494; x_wconf 77' lang='lat' dir='ltr'><strong>dignitas,</strong></span> <span class='ocrx_word' id='word_1_5' title='bbox 541 430 599 496; x_wconf 90' lang='lat' dir='ltr'><strong>qua</strong></span> <span class='ocrx_word' id='word_1_6' title='bbox 621 412 681 477; x_wconf 89' lang='lat' dir='ltr'><strong>sibi</strong></span> <span class='ocrx_word' id='word_1_7' title='bbox 703 411 790 476; x_wconf 89' lang='lat' dir='ltr'><strong>iidem</strong></span> <span class='ocrx_word' id='word_1_8' title='bbox 813 415 1077 494; x_wconf 70' lang='lat' dir='ltr'><strong>auctoritatemque</strong></span> <span class='ocrx_word' id='word_1_9' title='bbox 1100 413 1269 482; x_wconf 86' lang='lat' dir='ltr'><strong>concilient.</strong></span> <span class='ocrx_word' id='word_1_10' title='bbox 1312 414 1478 480; x_wconf 85' lang='lat' dir='ltr'><strong>Dimuuant</strong></span> 
     </span>
     <span class='ocr_line' id='line_1_3' title="bbox 123 517 1477 604; baseline 0.004 -21"><span class='ocrx_word' id='word_1_11' title='bbox 123 519 238 604; x_wconf 82' lang='lat' dir='ltr'><strong>quidem</strong></span> <span class='ocrx_word' id='word_1_12' title='bbox 262 537 436 600; x_wconf 72' lang='lat' dir='ltr'><strong>asqrrema</strong></span> <span class='ocrx_word' id='word_1_13' title='bbox 456 526 606 599; x_wconf 74' lang='lat' dir='ltr'><strong>potestate</strong></span> <span class='ocrx_word' id='word_1_14' title='bbox 619 520 718 601; x_wconf 82' lang='lat' dir='ltr'><strong>leges,</strong></span> <span class='ocrx_word' id='word_1_15' title='bbox 742 517 796 581; x_wconf 90' lang='lat' dir='ltr'><strong>sed</strong></span> <span class='ocrx_word' id='word_1_16' title='bbox 818 522 977 601; x_wconf 83' lang='lat' dir='ltr'><strong>impositae</strong></span> <span class='ocrx_word' id='word_1_17' title='bbox 991 523 1112 585; x_wconf 84' lang='lat' dir='ltr'><strong>minima</strong></span> <span class='ocrx_word' id='word_1_18' title='bbox 1132 528 1202 586; x_wconf 82' lang='lat' dir='ltr'><strong>aum</strong></span> <span class='ocrx_word' id='word_1_19' title='bbox 1218 538 1322 587; x_wconf 87' lang='lat' dir='ltr'><strong>omncs</strong></span> <span class='ocrx_word' id='word_1_20' title='bbox 1337 522 1477 589; x_wconf 79' lang='lat' dir='ltr'><strong>omnibus</strong></span> 
     </span>
     <span class='ocr_line' id='line_1_4' title="bbox 124 623 413 691; baseline -0.014 1"><span class='ocrx_word' id='word_1_21' title='bbox 124 625 239 691; x_wconf 60' lang='lat' dir='ltr'><strong>&amp;rusti</strong></span> <span class='ocrx_word' id='word_1_22' title='bbox 261 623 413 690; x_wconf 71' lang='lat' dir='ltr'><strong>fidelibus.</strong></span> 
     </span>
     <span class='ocr_line' id='line_1_5' title="bbox 253 732 1479 817; baseline 0.001 -18"><span class='ocrx_word' id='word_1_23' title='bbox 253 738 308 799; x_wconf 76' lang='lat'><strong>2⁹.</strong></span> <span class='ocrx_word' id='word_1_24' title='bbox 336 732 377 795; x_wconf 80' lang='lat' dir='ltr'><strong>m</strong></span> <span class='ocrx_word' id='word_1_25' title='bbox 406 735 499 796; x_wconf 74' lang='lat' dir='ltr'><strong>enimc</strong></span> <span class='ocrx_word' id='word_1_26' title='bbox 528 733 562 795; x_wconf 79' lang='lat' dir='ltr'><strong>Si</strong></span> <span class='ocrx_word' id='word_1_27' title='bbox 591 737 633 795; x_wconf 85' lang='lat' dir='ltr'><strong>ite</strong></span> <span class='ocrx_word' id='word_1_28' title='bbox 663 752 695 796; x_wconf 87' lang='lat' dir='ltr'><strong>se</strong></span> <span class='ocrx_word' id='word_1_29' title='bbox 725 750 777 797; x_wconf 83' lang='lat' dir='ltr'><strong>res</strong></span> <span class='ocrx_word' id='word_1_30' title='bbox 806 732 896 798; x_wconf 87' lang='lat' dir='ltr'><strong>babet</strong></span> <span class='ocrx_word' id='word_1_31' title='bbox 918 740 1037 817; x_wconf 87' lang='lat' dir='ltr'><strong>quinum</strong></span> <span class='ocrx_word' id='word_1_32' title='bbox 1059 738 1152 817; x_wconf 82' lang='lat' dir='ltr'><strong>igitur</strong></span> <span class='ocrx_word' id='word_1_33' title='bbox 1170 733 1422 817; x_wconf 67' lang='lat' dir='ltr'><strong>muscularum</strong></span> <span class='ocrx_word' id='word_1_34' title='bbox 1445 738 1479 800; x_wconf 81' lang='grc'><strong>8.</strong></span> 
     </span>
     <span class='ocr_line' id='line_1_6' title="bbox 122 835 1477 923; baseline 0 -16"><span class='ocrx_word' id='word_1_35' title='bbox 122 837 206 907; x_wconf 75' lang='lat' dir='ltr'><strong>ite.</strong></span> <span class='ocrx_word' id='word_1_36' title='bbox 232 838 364 902; x_wconf 85' lang='lat' dir='ltr'><strong>decretis</strong></span> <span class='ocrx_word' id='word_1_37' title='bbox 385 841 632 923; x_wconf 65' lang='lat' dir='ltr'><strong>obstringuntur?</strong></span> <span class='ocrx_word' id='word_1_38' title='bbox 652 835 858 919; x_wconf 67' lang='lat' dir='ltr'><strong>Quinam&#39;illa</strong></span> <span class='ocrx_word' id='word_1_39' title='bbox 870 846 903 903; x_wconf 90' lang='lat' dir='ltr'><strong>iu</strong></span> <span class='ocrx_word' id='word_1_40' title='bbox 919 846 1104 906; x_wconf 87' lang='lat' dir='ltr'><strong>couscientia</strong></span> <span class='ocrx_word' id='word_1_41' title='bbox 1118 842 1294 908; x_wconf 79' lang='lat' dir='ltr'><strong>tenebuntu-</strong></span> <span class='ocrx_word' id='word_1_42' title='bbox 1305 848 1477 909; x_wconf 84' lang='lat' dir='ltr'><strong>executioni</strong></span> 
     </span>
     <span class='ocr_line' id='line_1_7' title="bbox 119 943 1481 1032; baseline 0.004 -21"><span class='ocrx_word' id='word_1_43' title='bbox 119 946 284 1011; x_wconf 82' lang='lat' dir='ltr'><strong>mandaret</strong></span> <span class='ocrx_word' id='word_1_44' title='bbox 312 945 369 1011; x_wconf 73' lang='lat' dir='ltr'><strong>(lui</strong></span> <span class='ocrx_word' id='word_1_45' title='bbox 397 951 533 1029; x_wconf 91' lang='lat' dir='ltr'><strong>quaesito</strong></span> <span class='ocrx_word' id='word_1_46' title='bbox 556 947 698 1011; x_wconf 77' lang='lat' dir='ltr'><strong>sadeberi</strong></span> <span class='ocrx_word' id='word_1_47' title='bbox 719 943 805 1010; x_wconf 89' lang='lat' dir='ltr'><strong>iacili</strong></span> <span class='ocrx_word' id='word_1_48' title='bbox 828 967 900 1011; x_wconf 90' lang='lat' dir='ltr'><strong>sanc</strong></span> <span class='ocrx_word' id='word_1_49' title='bbox 921 953 1039 1012; x_wconf 82' lang='lat' dir='ltr'><strong>ratione</strong></span> <span class='ocrx_word' id='word_1_50' title='bbox 1060 958 1178 1032; x_wconf 89' lang='lat' dir='ltr'><strong>potest,</strong></span> <span class='ocrx_word' id='word_1_51' title='bbox 1208 955 1237 1013; x_wconf 88' lang='lat' dir='ltr'><strong>si</strong></span> <span class='ocrx_word' id='word_1_52' title='bbox 1259 957 1379 1016; x_wconf 86' lang='lat' dir='ltr'><strong>occasio</strong></span> <span class='ocrx_word' id='word_1_53' title='bbox 1403 970 1481 1017; x_wconf 81' lang='lat' dir='ltr'><strong>eon·-</strong></span> 
     </span>
     <span class='ocr_line' id='line_1_8' title="bbox 120 1054 1482 1143; baseline 0.005 -26"><span class='ocrx_word' id='word_1_54' title='bbox 120 1054 271 1119; x_wconf 85' lang='lat' dir='ltr'><strong>aideretur</strong></span> <span class='ocrx_word' id='word_1_55' title='bbox 293 1062 406 1118; x_wconf 82' lang='lat' dir='ltr'><strong>atteme</strong></span> <span class='ocrx_word' id='word_1_56' title='bbox 429 1072 576 1138; x_wconf 73' lang='lat' dir='ltr'><strong>causapre</strong></span> <span class='ocrx_word' id='word_1_57' title='bbox 598 1058 799 1136; x_wconf 85' lang='lat' dir='ltr'><strong>perspiciatur</strong></span> <span class='ocrx_word' id='word_1_58' title='bbox 821 1054 912 1135; x_wconf 85' lang='lat' dir='ltr'><strong>bene,</strong></span> <span class='ocrx_word' id='word_1_59' title='bbox 943 1074 1001 1143; x_wconf 85' lang='lat' dir='ltr'><strong>que</strong></span> <span class='ocrx_word' id='word_1_60' title='bbox 1022 1061 1152 1123; x_wconf 80' lang='lat' dir='ltr'><strong>ercitum</strong></span> <span class='ocrx_word' id='word_1_61' title='bbox 1173 1058 1232 1121; x_wconf 87' lang='lat' dir='ltr'><strong>buu</strong></span> <span class='ocrx_word' id='word_1_62' title='bbox 1255 1056 1385 1123; x_wconf 81' lang='lat' dir='ltr'><strong>tribuual</strong></span> <span class='ocrx_word' id='word_1_63' title='bbox 1410 1078 1482 1124; x_wconf 86' lang='lat' dir='ltr'><strong>suas</strong></span> 
     </span>
     <span class='ocr_line' id='line_1_9' title="bbox 119 1161 1484 1249; baseline 0.004 -23"><span class='ocrx_word' id='word_1_64' title='bbox 119 1162 200 1244; x_wconf 79' lang='lat' dir='ltr'><strong>leges</strong></span> <span class='ocrx_word' id='word_1_65' title='bbox 231 1167 378 1245; x_wconf 74' lang='lat' dir='ltr'><strong>proponit</strong></span> <span class='ocrx_word' id='word_1_66' title='bbox 405 1161 584 1225; x_wconf 83' lang='lat' dir='ltr'><strong>servandas.</strong></span> <span class='ocrx_word' id='word_1_67' title='bbox 635 1163 710 1226; x_wconf 85' lang='lat' dir='ltr'><strong>Fere</strong></span> <span class='ocrx_word' id='word_1_68' title='bbox 740 1181 889 1246; x_wconf 83' lang='lat' dir='ltr'><strong>nunquam</strong></span> <span class='ocrx_word' id='word_1_69' title='bbox 920 1168 999 1226; x_wconf 88' lang='lat' dir='ltr'><strong>enim</strong></span> <span class='ocrx_word' id='word_1_70' title='bbox 1029 1165 1137 1228; x_wconf 84' lang='lat' dir='ltr'><strong>ritibus</strong></span> <span class='ocrx_word' id='word_1_71' title='bbox 1166 1164 1285 1229; x_wconf 89' lang='lat' dir='ltr'><strong>tuendis</strong></span> <span class='ocrx_word' id='word_1_72' title='bbox 1316 1170 1484 1249; x_wconf 77' lang='lat' dir='ltr'><strong>praepositi</strong></span> 
     </span>
     <span class='ocr_line' id='line_1_10' title="bbox 119 1266 1484 1356; baseline 0.003 -24"><span class='ocrx_word' id='word_1_73' title='bbox 119 1267 281 1351; x_wconf 73' lang='lat' dir='ltr'><strong>Principes</strong></span> <span class='ocrx_word' id='word_1_74' title='bbox 309 1266 432 1353; x_wconf 83' lang='lat' dir='ltr'><strong>aquuod</strong></span> <span class='ocrx_word' id='word_1_75' title='bbox 457 1274 638 1353; x_wconf 63' lang='lat' dir='ltr'><strong>rescrimum</strong></span> <span class='ocrx_word' id='word_1_76' title='bbox 667 1279 699 1333; x_wconf 91' lang='lat' dir='ltr'><strong>ut</strong></span> <span class='ocrx_word' id='word_1_77' title='bbox 726 1268 835 1352; x_wconf 65' lang='lat' dir='ltr'><strong>agemi</strong></span> <span class='ocrx_word' id='word_1_78' title='bbox 855 1288 994 1334; x_wconf 85' lang='lat' dir='ltr'><strong>numnam</strong></span> <span class='ocrx_word' id='word_1_79' title='bbox 1016 1269 1222 1355; x_wconf 83' lang='lat' dir='ltr'><strong>promulgant,</strong></span> <span class='ocrx_word' id='word_1_80' title='bbox 1255 1281 1306 1337; x_wconf 90' lang='lat' dir='ltr'><strong>aut</strong></span> <span class='ocrx_word' id='word_1_81' title='bbox 1326 1271 1423 1356; x_wconf 85' lang='lat' dir='ltr'><strong>legam</strong></span> <span class='ocrx_word' id='word_1_82' title='bbox 1447 1273 1484 1336; x_wconf 89' lang='lat' dir='ltr'><strong>de</strong></span> 
     </span>
     <span class='ocr_line' id='line_1_11' title="bbox 121 1373 1484 1465; baseline 0.003 -26"><span class='ocrx_word' id='word_1_83' title='bbox 121 1376 284 1440; x_wconf 64' lang='lat' dir='ltr'><strong>mirando</strong></span> <span class='ocrx_word' id='word_1_84' title='bbox 314 1386 365 1440; x_wconf 87' lang='lat' dir='ltr'><strong>aut</strong></span> <span class='ocrx_word' id='word_1_85' title='bbox 394 1376 591 1441; x_wconf 88' lang='lat' dir='ltr'><strong>custodiendo</strong></span> <span class='ocrx_word' id='word_1_86' title='bbox 614 1373 715 1459; x_wconf 90' lang='lat' dir='ltr'><strong>aliquo</strong></span> <span class='ocrx_word' id='word_1_87' title='bbox 739 1396 794 1441; x_wconf 91' lang='lat' dir='ltr'><strong>usu</strong></span> <span class='ocrx_word' id='word_1_88' title='bbox 816 1377 976 1451; x_wconf 86' lang='lat' dir='ltr'><strong>inducunt,</strong></span> <span class='ocrx_word' id='word_1_89' title='bbox 1009 1382 1070 1443; x_wconf 89' lang='lat' dir='ltr'><strong>uisi</strong></span> <span class='ocrx_word' id='word_1_90' title='bbox 1093 1384 1265 1445; x_wconf 82' lang='lat' dir='ltr'><strong>extrinseca</strong></span> <span class='ocrx_word' id='word_1_91' title='bbox 1289 1381 1414 1465; x_wconf 89' lang='lat' dir='ltr'><strong>quadam</strong></span> <span class='ocrx_word' id='word_1_92' title='bbox 1441 1375 1484 1463; x_wconf 86' lang='lat'><strong>¹),</strong></span> 
     </span>
     <span class='ocr_line' id='line_1_12' title="bbox 122 1484 1486 1568; baseline 0.003 -21"><span class='ocrx_word' id='word_1_93' title='bbox 122 1488 163 1547; x_wconf 88' lang='lat' dir='ltr'><strong>uti</strong></span> <span class='ocrx_word' id='word_1_94' title='bbox 185 1503 281 1565; x_wconf 88' lang='lat' dir='ltr'><strong>supra</strong></span> <span class='ocrx_word' id='word_1_95' title='bbox 303 1484 446 1565; x_wconf 79' lang='lat' dir='ltr'><strong>diximus,</strong></span> <span class='ocrx_word' id='word_1_96' title='bbox 468 1484 506 1548; x_wconf 90' lang='lat' dir='ltr'><strong>ad</strong></span> <span class='ocrx_word' id='word_1_97' title='bbox 522 1484 553 1547; x_wconf 90' lang='lat' dir='ltr'><strong>id</strong></span> <span class='ocrx_word' id='word_1_98' title='bbox 568 1494 715 1568; x_wconf 82' lang='lat' dir='ltr'><strong>cogantur</strong></span> <span class='ocrx_word' id='word_1_99' title='bbox 734 1488 924 1565; x_wconf 85' lang='lat' dir='ltr'><strong>necessitate,</strong></span> <span class='ocrx_word' id='word_1_100' title='bbox 947 1487 1008 1549; x_wconf 92' lang='lat' dir='ltr'><strong>nisi</strong></span> <span class='ocrx_word' id='word_1_101' title='bbox 1021 1485 1163 1567; x_wconf 76' lang='lat' dir='ltr'><strong>placitum</strong></span> <span class='ocrx_word' id='word_1_102' title='bbox 1179 1506 1265 1552; x_wconf 82' lang='lat' dir='ltr'><strong>snum</strong></span> <span class='ocrx_word' id='word_1_103' title='bbox 1279 1490 1486 1551; x_wconf 78' lang='lat' dir='ltr'><strong>necessarium</strong></span> 
     </span>
     <span class='ocr_line' id='line_1_13' title="bbox 119 1587 1487 1679; baseline 0.003 -26"><span class='ocrx_word' id='word_1_104' title='bbox 119 1587 213 1674; x_wconf 87' lang='lat' dir='ltr'><strong>plane</strong></span> <span class='ocrx_word' id='word_1_105' title='bbox 253 1591 396 1656; x_wconf 82' lang='lat' dir='ltr'><strong>duxerint</strong></span> <span class='ocrx_word' id='word_1_106' title='bbox 424 1611 461 1656; x_wconf 83' lang='lat' dir='ltr'><strong>ex</strong></span> <span class='ocrx_word' id='word_1_107' title='bbox 494 1611 593 1655; x_wconf 89' lang='lat' dir='ltr'><strong>rerum</strong></span> <span class='ocrx_word' id='word_1_108' title='bbox 622 1600 846 1678; x_wconf 78' lang='lat' dir='ltr'><strong>temporumque</strong></span> <span class='ocrx_word' id='word_1_109' title='bbox 875 1592 1037 1679; x_wconf 83' lang='lat' dir='ltr'><strong>adjunctis.</strong></span> <span class='ocrx_word' id='word_1_110' title='bbox 1097 1594 1177 1660; x_wconf 88' lang='lat' dir='ltr'><strong>Hinc</strong></span> <span class='ocrx_word' id='word_1_111' title='bbox 1206 1614 1321 1679; x_wconf 89' lang='lat' dir='ltr'><strong>quoque</strong></span> <span class='ocrx_word' id='word_1_112' title='bbox 1344 1603 1404 1668; x_wconf 88' lang='lat' dir='ltr'><strong>est,</strong></span> <span class='ocrx_word' id='word_1_113' title='bbox 1433 1611 1487 1657; x_wconf 87' lang='lat' dir='ltr'><strong>cur</strong></span> 
     </span>
     <span class='ocr_line' id='line_1_14' title="bbox 119 1696 1486 1784; baseline 0.004 -23"><span class='ocrx_word' id='word_1_114' title='bbox 119 1696 296 1782; x_wconf 87' lang='lat' dir='ltr'><strong>pierumque</strong></span> <span class='ocrx_word' id='word_1_115' title='bbox 325 1702 426 1762; x_wconf 88' lang='lat' dir='ltr'><strong>omnia</strong></span> <span class='ocrx_word' id='word_1_116' title='bbox 453 1697 485 1765; x_wconf 77' lang='lat' dir='ltr'><strong>S.</strong></span> <span class='ocrx_word' id='word_1_117' title='bbox 515 1699 552 1762; x_wconf 83' lang='lat' dir='ltr'><strong>it.</strong></span> <span class='ocrx_word' id='word_1_118' title='bbox 581 1696 616 1762; x_wconf 83' lang='lat'><strong>0.</strong></span> <span class='ocrx_word' id='word_1_119' title='bbox 646 1698 766 1763; x_wconf 85' lang='lat' dir='ltr'><strong>decreta</strong></span> <span class='ocrx_word' id='word_1_120' title='bbox 794 1718 942 1783; x_wconf 70' lang='lat' dir='ltr'><strong>remeare</strong></span> <span class='ocrx_word' id='word_1_121' title='bbox 965 1704 1028 1763; x_wconf 88' lang='lat' dir='ltr'><strong>siut</strong></span> <span class='ocrx_word' id='word_1_122' title='bbox 1050 1708 1136 1784; x_wconf 88' lang='lat' dir='ltr'><strong>atque</strong></span> <span class='ocrx_word' id='word_1_123' title='bbox 1158 1702 1314 1781; x_wconf 70' lang='lat' dir='ltr'><strong>rescripta</strong></span> <span class='ocrx_word' id='word_1_124' title='bbox 1337 1700 1376 1765; x_wconf 89' lang='lat' dir='ltr'><strong>ad</strong></span> <span class='ocrx_word' id='word_1_125' title='bbox 1399 1701 1486 1765; x_wconf 73' lang='lat' dir='ltr'><strong>datm</strong></span> 
     </span>
     <span class='ocr_line' id='line_1_15' title="bbox 120 1802 1486 1887; baseline 0.004 -21"><span class='ocrx_word' id='word_1_126' title='bbox 120 1809 181 1886; x_wconf 88' lang='lat' dir='ltr'><strong>ipsi</strong></span> <span class='ocrx_word' id='word_1_127' title='bbox 203 1808 239 1867; x_wconf 89' lang='lat' dir='ltr'><strong>in</strong></span> <span class='ocrx_word' id='word_1_128' title='bbox 262 1805 392 1887; x_wconf 87' lang='lat' dir='ltr'><strong>supplici</strong></span> <span class='ocrx_word' id='word_1_129' title='bbox 412 1802 515 1869; x_wconf 86' lang='lat' dir='ltr'><strong>libello</strong></span> <span class='ocrx_word' id='word_1_130' title='bbox 530 1823 645 1887; x_wconf 83' lang='lat' dir='ltr'><strong>preces.</strong></span> <span class='ocrx_word' id='word_1_131' title='bbox 689 1808 769 1872; x_wconf 86' lang='lat' dir='ltr'><strong>Huic</strong></span> <span class='ocrx_word' id='word_1_132' title='bbox 793 1815 890 1870; x_wconf 90' lang='lat' dir='ltr'><strong>autem</strong></span> <span class='ocrx_word' id='word_1_133' title='bbox 912 1804 1015 1869; x_wconf 90' lang='lat' dir='ltr'><strong>libello</strong></span> <span class='ocrx_word' id='word_1_134' title='bbox 1038 1807 1070 1869; x_wconf 92' lang='lat' dir='ltr'><strong>in</strong></span> <span class='ocrx_word' id='word_1_135' title='bbox 1087 1808 1249 1872; x_wconf 87' lang='lat' dir='ltr'><strong>ordinariis</strong></span> <span class='ocrx_word' id='word_1_136' title='bbox 1266 1813 1331 1871; x_wconf 90' lang='lat' dir='ltr'><strong>suis</strong></span> <span class='ocrx_word' id='word_1_137' title='bbox 1355 1811 1486 1872; x_wconf 85' lang='lat' dir='ltr'><strong>comitiis</strong></span> 
     </span>
     <span class='ocr_line' id='line_1_16' title="bbox 121 1910 1580 1997; baseline 0.002 -22"><span class='ocrx_word' id='word_1_138' title='bbox 121 1910 329 1994; x_wconf 77' lang='lat' dir='ltr'><strong>Congregutia</strong></span> <span class='ocrx_word' id='word_1_139' title='bbox 352 1912 514 1993; x_wconf 84' lang='lat' dir='ltr'><strong>respondet</strong></span> <span class='ocrx_word' id='word_1_140' title='bbox 537 1930 695 1993; x_wconf 82' lang='lat' dir='ltr'><strong>nunquam,</strong></span> <span class='ocrx_word' id='word_1_141' title='bbox 717 1919 777 1977; x_wconf 90' lang='lat' dir='ltr'><strong>uisi</strong></span> <span class='ocrx_word' id='word_1_142' title='bbox 798 1932 974 1997; x_wconf 87' lang='lat' dir='ltr'><strong>persuasum</strong></span> <span class='ocrx_word' id='word_1_143' title='bbox 997 1918 1058 1995; x_wconf 89' lang='lat' dir='ltr'><strong>ipsi</strong></span> <span class='ocrx_word' id='word_1_144' title='bbox 1073 1923 1162 1977; x_wconf 88' lang='lat' dir='ltr'><strong>antee</strong></span> <span class='ocrx_word' id='word_1_145' title='bbox 1175 1915 1274 1993; x_wconf 84' lang='lat' dir='ltr'><strong>inerit,</strong></span> <span class='ocrx_word' id='word_1_146' title='bbox 1296 1934 1405 1997; x_wconf 71' lang='lat' dir='ltr'><strong>gram</strong></span> <span class='ocrx_word' id='word_1_147' title='bbox 1428 1913 1488 1978; x_wconf 92' lang='lat' dir='ltr'><strong>ad·</strong></span> <span class='ocrx_word' id='word_1_148' title='bbox 1575 1924 1580 1943; x_wconf 85' lang='lat'><strong><em>¹</em></strong></span> 
     </span>
     <span class='ocr_line' id='line_1_17' title="bbox 120 2018 1487 2104; baseline 0.001 -22"><span class='ocrx_word' id='word_1_149' title='bbox 120 2018 216 2082; x_wconf 76' lang='lat' dir='ltr'><strong>baisse</strong></span> <span class='ocrx_word' id='word_1_150' title='bbox 246 2036 371 2095; x_wconf 86' lang='lat' dir='ltr'><strong>causas,</strong></span> <span class='ocrx_word' id='word_1_151' title='bbox 397 2038 470 2103; x_wconf 90' lang='lat' dir='ltr'><strong>quae</strong></span> <span class='ocrx_word' id='word_1_152' title='bbox 502 2026 639 2083; x_wconf 85' lang='lat' dir='ltr'><strong>oratores</strong></span> <span class='ocrx_word' id='word_1_153' title='bbox 669 2019 707 2083; x_wconf 92' lang='lat' dir='ltr'><strong>ad</strong></span> <span class='ocrx_word' id='word_1_154' title='bbox 735 2037 841 2103; x_wconf 88' lang='lat' dir='ltr'><strong>preces</strong></span> <span class='ocrx_word' id='word_1_155' title='bbox 866 2019 1099 2103; x_wconf 78' lang='lat' dir='ltr'><strong>congregationi</strong></span> <span class='ocrx_word' id='word_1_156' title='bbox 1128 2021 1244 2087; x_wconf 85' lang='lat' dir='ltr'><strong>dandas</strong></span> <span class='ocrx_word' id='word_1_157' title='bbox 1273 2026 1487 2104; x_wconf 84' lang='lat' dir='ltr'><strong>permoverint.</strong></span> 
     </span>
     <span class='ocr_line' id='line_1_18' title="bbox 120 2123 1488 2209; baseline 0.001 -20"><span class='ocrx_word' id='word_1_158' title='bbox 120 2123 213 2189; x_wconf 85' lang='lat' dir='ltr'><strong>latius</strong></span> <span class='ocrx_word' id='word_1_159' title='bbox 246 2124 332 2189; x_wconf 87' lang='lat' dir='ltr'><strong>modi</strong></span> <span class='ocrx_word' id='word_1_160' title='bbox 360 2144 454 2205; x_wconf 89' lang='lat' dir='ltr'><strong>porro</strong></span> <span class='ocrx_word' id='word_1_161' title='bbox 485 2144 593 2188; x_wconf 89' lang='lat' dir='ltr'><strong>causas</strong></span> <span class='ocrx_word' id='word_1_162' title='bbox 624 2136 694 2190; x_wconf 88' lang='lat' dir='ltr'><strong>tunc</strong></span> <span class='ocrx_word' id='word_1_163' title='bbox 723 2146 796 2209; x_wconf 88' lang='lat' dir='ltr'><strong>prae</strong></span> <span class='ocrx_word' id='word_1_164' title='bbox 826 2132 953 2191; x_wconf 88' lang='lat' dir='ltr'><strong>caeteris</strong></span> <span class='ocrx_word' id='word_1_165' title='bbox 983 2127 1088 2191; x_wconf 89' lang='lat' dir='ltr'><strong>baberi</strong></span> <span class='ocrx_word' id='word_1_166' title='bbox 1121 2136 1201 2191; x_wconf 89' lang='lat' dir='ltr'><strong>certe</strong></span> <span class='ocrx_word' id='word_1_167' title='bbox 1224 2128 1348 2192; x_wconf 89' lang='lat' dir='ltr'><strong>credunt</strong></span> <span class='ocrx_word' id='word_1_168' title='bbox 1370 2128 1488 2206; x_wconf 87' lang='lat' dir='ltr'><strong>Patres,</strong></span> 
     </span>
     <span class='ocr_line' id='line_1_19' title="bbox 123 2229 1487 2320; baseline 0.002 -26"><span class='ocrx_word' id='word_1_169' title='bbox 123 2250 187 2295; x_wconf 86' lang='lat' dir='ltr'><strong>eum</strong></span> <span class='ocrx_word' id='word_1_170' title='bbox 215 2231 258 2294; x_wconf 86' lang='lat' dir='ltr'><strong>de</strong></span> <span class='ocrx_word' id='word_1_171' title='bbox 286 2229 386 2315; x_wconf 86' lang='lat' dir='ltr'><strong>aliquo</strong></span> <span class='ocrx_word' id='word_1_172' title='bbox 414 2230 589 2315; x_wconf 69' lang='lat' dir='ltr'><strong>particulari</strong></span> <span class='ocrx_word' id='word_1_173' title='bbox 619 2231 680 2296; x_wconf 90' lang='lat' dir='ltr'><strong>loci</strong></span> <span class='ocrx_word' id='word_1_174' title='bbox 702 2232 858 2320; x_wconf 91' lang='lat' dir='ltr'><strong>cujusdam</strong></span> <span class='ocrx_word' id='word_1_175' title='bbox 886 2252 941 2296; x_wconf 91' lang='lat' dir='ltr'><strong>usu</strong></span> <span class='ocrx_word' id='word_1_176' title='bbox 972 2238 1036 2298; x_wconf 86' lang='lat' dir='ltr'><strong>sive</strong></span> <span class='ocrx_word' id='word_1_177' title='bbox 1060 2235 1219 2299; x_wconf 86' lang='lat' dir='ltr'><strong>ebuliendo</strong></span> <span class='ocrx_word' id='word_1_178' title='bbox 1243 2239 1307 2299; x_wconf 84' lang='lat' dir='ltr'><strong>sire</strong></span> <span class='ocrx_word' id='word_1_179' title='bbox 1329 2233 1487 2299; x_wconf 88' lang='lat' dir='ltr'><strong>retinendo</strong></span> 
     </span>
     <span class='ocr_line' id='line_1_20' title="bbox 120 2336 1485 2425; baseline 0.003 -25"><span class='ocrx_word' id='word_1_180' title='bbox 120 2337 180 2424; x_wconf 83' lang='lat' dir='ltr'><strong>jam</strong></span> <span class='ocrx_word' id='word_1_181' title='bbox 203 2337 279 2401; x_wconf 88' lang='lat' dir='ltr'><strong>inda</strong></span> <span class='ocrx_word' id='word_1_182' title='bbox 302 2336 459 2422; x_wconf 89' lang='lat' dir='ltr'><strong>abaliquo</strong></span> <span class='ocrx_word' id='word_1_183' title='bbox 482 2348 615 2423; x_wconf 90' lang='lat' dir='ltr'><strong>tempore</strong></span> <span class='ocrx_word' id='word_1_184' title='bbox 639 2349 687 2404; x_wconf 90' lang='lat' dir='ltr'><strong>est</strong></span> <span class='ocrx_word' id='word_1_185' title='bbox 708 2345 787 2422; x_wconf 86' lang='lat' dir='ltr'><strong>inter</strong></span> <span class='ocrx_word' id='word_1_186' title='bbox 800 2347 904 2422; x_wconf 84' lang='lat' dir='ltr'><strong>partes</strong></span> <span class='ocrx_word' id='word_1_187' title='bbox 927 2341 997 2404; x_wconf 88' lang='lat' dir='ltr'><strong>binc</strong></span> <span class='ocrx_word' id='word_1_188' title='bbox 1020 2340 1090 2405; x_wconf 89' lang='lat' dir='ltr'><strong>iude</strong></span> <span class='ocrx_word' id='word_1_189' title='bbox 1106 2341 1323 2425; x_wconf 81' lang='lat' dir='ltr'><strong>disceptatum,</strong></span> <span class='ocrx_word' id='word_1_190' title='bbox 1346 2339 1394 2406; x_wconf 85' lang='lat' dir='ltr'><strong>vel</strong></span> <span class='ocrx_word' id='word_1_191' title='bbox 1418 2358 1485 2404; x_wconf 89' lang='lat' dir='ltr'><strong>cum</strong></span> 
     </span>
     <span class='ocr_line' id='line_1_21' title="bbox 125 2430 1493 2528; baseline 0.003 -21"><span class='ocrx_word' id='word_1_192' title='bbox 125 2444 257 2509; x_wconf 84' lang='lat' dir='ltr'><strong>denova</strong></span> <span class='ocrx_word' id='word_1_193' title='bbox 279 2442 380 2528; x_wconf 85' lang='lat' dir='ltr'><strong>aliqua</strong></span> <span class='ocrx_word' id='word_1_194' title='bbox 401 2446 614 2510; x_wconf 85' lang='lat' dir='ltr'><strong>consuetudine</strong></span> <span class='ocrx_word' id='word_1_195' title='bbox 637 2443 851 2510; x_wconf 79' lang='lat' dir='ltr'><strong>reluctantibus</strong></span> <span class='ocrx_word' id='word_1_196' title='bbox 874 2446 984 2510; x_wconf 85' lang='lat' dir='ltr'><strong>ibidem</strong></span> <span class='ocrx_word' id='word_1_197' title='bbox 999 2442 1154 2512; x_wconf 86' lang='lat' dir='ltr'><strong>nonnullis</strong></span> <span class='ocrx_word' id='word_1_198' title='bbox 1178 2430 1395 2512; x_wconf 81' lang='lat' dir='ltr'><strong>introducenda</strong></span> <span class='ocrx_word' id='word_1_199' title='bbox 1418 2448 1493 2511; x_wconf 87' lang='lat' dir='ltr'><strong>dis-</strong></span> 
     </span>
     <span class='ocr_line' id='line_1_22' title="bbox 127 2552 1490 2641; baseline 0.002 -27"><span class='ocrx_word' id='word_1_200' title='bbox 127 2561 256 2632; x_wconf 81' lang='lat' dir='ltr'><strong>putatur.</strong></span> <span class='ocrx_word' id='word_1_201' title='bbox 295 2553 330 2615; x_wconf 79' lang='lat' dir='ltr'><strong>Si</strong></span> <span class='ocrx_word' id='word_1_202' title='bbox 354 2572 428 2617; x_wconf 79' lang='lat' dir='ltr'><strong>vero</strong></span> <span class='ocrx_word' id='word_1_203' title='bbox 456 2552 592 2618; x_wconf 85' lang='lat' dir='ltr'><strong>neutrum</strong></span> <span class='ocrx_word' id='word_1_204' title='bbox 620 2554 772 2633; x_wconf 82' lang='lat' dir='ltr'><strong>obtineat,</strong></span> <span class='ocrx_word' id='word_1_205' title='bbox 802 2557 885 2637; x_wconf 90' lang='lat' dir='ltr'><strong>sique</strong></span> <span class='ocrx_word' id='word_1_206' title='bbox 908 2572 980 2617; x_wconf 87' lang='lat' dir='ltr'><strong>usus</strong></span> <span class='ocrx_word' id='word_1_207' title='bbox 1003 2553 1106 2618; x_wconf 90' lang='lat' dir='ltr'><strong>multis</strong></span> <span class='ocrx_word' id='word_1_208' title='bbox 1137 2555 1244 2619; x_wconf 81' lang='lat' dir='ltr'><strong>abhinc</strong></span> <span class='ocrx_word' id='word_1_209' title='bbox 1267 2554 1396 2618; x_wconf 91' lang='lat' dir='ltr'><strong>saeculis</strong></span> <span class='ocrx_word' id='word_1_210' title='bbox 1423 2553 1490 2641; x_wconf 90' lang='lat' dir='ltr'><strong>jam</strong></span> 
     </span>
     <span class='ocr_line' id='line_1_23' title="bbox 126 2646 1489 2747; baseline 0.001 -24"><span class='ocrx_word' id='word_1_211' title='bbox 126 2662 221 2742; x_wconf 75' lang='lat' dir='ltr'><strong>tigeri</strong></span> <span class='ocrx_word' id='word_1_212' title='bbox 254 2668 287 2722; x_wconf 89' lang='lat' dir='ltr'><strong>et</strong></span> <span class='ocrx_word' id='word_1_213' title='bbox 315 2658 354 2723; x_wconf 89' lang='lat' dir='ltr'><strong>da</strong></span> <span class='ocrx_word' id='word_1_214' title='bbox 380 2646 447 2747; x_wconf 84' lang='lat' dir='ltr'><strong>ejus</strong></span> <span class='ocrx_word' id='word_1_215' title='bbox 470 2665 694 2743; x_wconf 83' lang='lat' dir='ltr'><strong>opportunitate</strong></span> <span class='ocrx_word' id='word_1_216' title='bbox 724 2661 773 2726; x_wconf 83' lang='lat' dir='ltr'><strong>rel</strong></span> <span class='ocrx_word' id='word_1_217' title='bbox 794 2657 922 2724; x_wconf 85' lang='lat' dir='ltr'><strong>utilitate</strong></span> <span class='ocrx_word' id='word_1_218' title='bbox 945 2661 982 2725; x_wconf 84' lang='lat' dir='ltr'><strong>ad</strong></span> <span class='ocrx_word' id='word_1_219' title='bbox 1005 2662 1240 2744; x_wconf 84' lang='lat' dir='ltr'><strong>promovendum</strong></span> <span class='ocrx_word' id='word_1_220' title='bbox 1262 2670 1336 2745; x_wconf 85' lang='lat' dir='ltr'><strong>pute</strong></span> <span class='ocrx_word' id='word_1_221' title='bbox 1358 2660 1489 2725; x_wconf 86' lang='lat' dir='ltr'><strong>fidelium</strong></span> 
     </span>
     <span class='ocr_line' id='line_1_24' title="bbox 128 2763 1489 2852; baseline 0.003 -26"><span class='ocrx_word' id='word_1_222' title='bbox 128 2763 317 2833; x_wconf 62' lang='lat' dir='ltr'><strong>ductionem</strong></span> <span class='ocrx_word' id='word_1_223' title='bbox 347 2784 407 2831; x_wconf 87' lang='lat' dir='ltr'><strong>non</strong></span> <span class='ocrx_word' id='word_1_224' title='bbox 437 2769 604 2851; x_wconf 86' lang='lat' dir='ltr'><strong>ambigetur</strong></span> <span class='ocrx_word' id='word_1_225' title='bbox 635 2789 730 2852; x_wconf 91' lang='lat' dir='ltr'><strong>neque</strong></span> <span class='ocrx_word' id='word_1_226' title='bbox 752 2764 817 2830; x_wconf 87' lang='lat' dir='ltr'><strong>ulla</strong></span> <span class='ocrx_word' id='word_1_227' title='bbox 837 2777 993 2831; x_wconf 82' lang='lat' dir='ltr'><strong>moveatur</strong></span> <span class='ocrx_word' id='word_1_228' title='bbox 1015 2773 1168 2850; x_wconf 84' lang='lat' dir='ltr'><strong>quaestio,</strong></span> <span class='ocrx_word' id='word_1_229' title='bbox 1194 2772 1385 2849; x_wconf 65' lang='lat' dir='ltr'><strong>immrtunus</strong></span> <span class='ocrx_word' id='word_1_230' title='bbox 1408 2774 1489 2830; x_wconf 81' lang='lat' dir='ltr'><strong>cette</strong></span> 
     </span>
     <span class='ocr_line' id='line_1_25' title="bbox 132 2870 1487 2957; baseline 0.001 -21"><span class='ocrx_word' id='word_1_231' title='bbox 132 2889 207 2950; x_wconf 69' lang='lat' dir='ltr'><strong>m</strong></span> <span class='ocrx_word' id='word_1_232' title='bbox 231 2879 286 2956; x_wconf 92' lang='lat' dir='ltr'><strong>qui</strong></span> <span class='ocrx_word' id='word_1_233' title='bbox 308 2878 459 2938; x_wconf 75' lang='lat' dir='ltr'><strong>mutunus</strong></span> <span class='ocrx_word' id='word_1_234' title='bbox 481 2876 561 2939; x_wconf 87' lang='lat' dir='ltr'><strong>iuret</strong></span> <span class='ocrx_word' id='word_1_235' title='bbox 584 2875 622 2938; x_wconf 92' lang='lat' dir='ltr'><strong>ad</strong></span> <span class='ocrx_word' id='word_1_236' title='bbox 646 2894 671 2938; x_wconf 92' lang='lat' dir='ltr'><strong>s.</strong></span> <span class='ocrx_word' id='word_1_237' title='bbox 695 2872 732 2941; x_wconf 86' lang='lat' dir='ltr'><strong>R.</strong></span> <span class='ocrx_word' id='word_1_238' title='bbox 755 2870 789 2939; x_wconf 80' lang='lat'><strong>0.</strong></span> <span class='ocrx_word' id='word_1_239' title='bbox 814 2892 965 2943; x_wconf 83' lang='lat' dir='ltr'><strong>recursus.</strong></span> <span class='ocrx_word' id='word_1_240' title='bbox 1010 2870 1091 2954; x_wconf 75' lang='lat' dir='ltr'><strong>Quin</strong></span> <span class='ocrx_word' id='word_1_241' title='bbox 1114 2879 1176 2938; x_wconf 90' lang='lat' dir='ltr'><strong>imo</strong></span> <span class='ocrx_word' id='word_1_242' title='bbox 1199 2880 1268 2957; x_wconf 84' lang='lat' dir='ltr'><strong>ipss</strong></span> <span class='ocrx_word' id='word_1_243' title='bbox 1282 2873 1487 2957; x_wconf 79' lang='lat' dir='ltr'><strong>Congregatio</strong></span> 
     </span>
     <span class='ocr_line' id='line_1_26' title="bbox 138 2980 1490 3065; baseline -0.001 -20"><span class='ocrx_word' id='word_1_244' title='bbox 138 2992 273 3063; x_wconf 67' lang='lat' dir='ltr'><strong>usqum</strong></span> <span class='ocrx_word' id='word_1_245' title='bbox 299 2980 416 3054; x_wconf 87' lang='lat' dir='ltr'><strong>credet,</strong></span> <span class='ocrx_word' id='word_1_246' title='bbox 439 2983 596 3046; x_wconf 85' lang='lat' dir='ltr'><strong>molestias</strong></span> <span class='ocrx_word' id='word_1_247' title='bbox 620 2983 681 3046; x_wconf 87' lang='lat' dir='ltr'><strong>sibi</strong></span> <span class='ocrx_word' id='word_1_248' title='bbox 703 3003 738 3047; x_wconf 90' lang='lat' dir='ltr'><strong>eo</strong></span> <span class='ocrx_word' id='word_1_249' title='bbox 761 2987 793 3047; x_wconf 91' lang='lat' dir='ltr'><strong>iu</strong></span> <span class='ocrx_word' id='word_1_250' title='bbox 816 3001 889 3047; x_wconf 85' lang='lat' dir='ltr'><strong>casu</strong></span> <span class='ocrx_word' id='word_1_251' title='bbox 910 2985 1005 3045; x_wconf 82' lang='lat' dir='ltr'><strong>creari</strong></span> <span class='ocrx_word' id='word_1_252' title='bbox 1027 3001 1082 3064; x_wconf 86' lang='lat' dir='ltr'><strong>per</strong></span> <span class='ocrx_word' id='word_1_253' title='bbox 1104 2982 1227 3045; x_wconf 86' lang='lat' dir='ltr'><strong>inutiles</strong></span> <span class='ocrx_word' id='word_1_254' title='bbox 1248 2998 1353 3063; x_wconf 88' lang='lat' dir='ltr'><strong>preces</strong></span> <span class='ocrx_word' id='word_1_255' title='bbox 1378 2986 1490 3065; x_wconf 77' lang='lat' dir='ltr'><strong>&#39;aquo-</strong></span> 
     </span>
     <span class='ocr_line' id='line_1_27' title="bbox 143 3087 1490 3173; baseline 0.001 -22"><span class='ocrx_word' id='word_1_256' title='bbox 143 3099 212 3163; x_wconf 62' lang='grc' dir='ltr'><strong>ψη</strong></span> <span class='ocrx_word' id='word_1_257' title='bbox 228 3107 339 3169; x_wconf 89' lang='lat' dir='ltr'><strong>posse.</strong></span> <span class='ocrx_word' id='word_1_258' title='bbox 384 3087 430 3152; x_wconf 90' lang='lat' dir='ltr'><strong>De</strong></span> <span class='ocrx_word' id='word_1_259' title='bbox 453 3093 612 3173; x_wconf 87' lang='lat' dir='ltr'><strong>proposita</strong></span> <span class='ocrx_word' id='word_1_260' title='bbox 633 3108 704 3172; x_wconf 83' lang='lat' dir='ltr'><strong>ergo</strong></span> <span class='ocrx_word' id='word_1_261' title='bbox 727 3107 819 3154; x_wconf 85' lang='lat' dir='ltr'><strong>causa</strong></span> <span class='ocrx_word' id='word_1_262' title='bbox 841 3092 1013 3172; x_wconf 83' lang='lat' dir='ltr'><strong>cognoscit,</strong></span> <span class='ocrx_word' id='word_1_263' title='bbox 1037 3097 1175 3165; x_wconf 78' lang='lat' dir='ltr'><strong>exortam</strong></span> <span class='ocrx_word' id='word_1_264' title='bbox 1197 3088 1281 3153; x_wconf 88' lang='lat' dir='ltr'><strong>litem</strong></span> <span class='ocrx_word' id='word_1_265' title='bbox 1303 3108 1360 3171; x_wconf 86' lang='lat' dir='ltr'><strong>par</strong></span> <span class='ocrx_word' id='word_1_266' title='bbox 1381 3087 1490 3153; x_wconf 83' lang='lat' dir='ltr'><strong>decre-</strong></span> 
     </span>
     <span class='ocr_line' id='line_1_28' title="bbox 139 3192 1490 3279; baseline 0.006 -26"><span class='ocrx_word' id='word_1_267' title='bbox 139 3196 190 3253; x_wconf 83' lang='lat' dir='ltr'><strong>tum</strong></span> <span class='ocrx_word' id='word_1_268' title='bbox 208 3193 327 3257; x_wconf 85' lang='lat' dir='ltr'><strong>dirimit</strong></span> <span class='ocrx_word' id='word_1_269' title='bbox 349 3192 503 3279; x_wconf 84' lang='lat' dir='ltr'><strong>legemque</strong></span> <span class='ocrx_word' id='word_1_270' title='bbox 525 3200 642 3269; x_wconf 70' lang='lat' dir='ltr'><strong>sancite</strong></span> <span class='ocrx_word' id='word_1_271' title='bbox 665 3195 719 3260; x_wconf 91' lang='lat' dir='ltr'><strong>sed</strong></span> <span class='ocrx_word' id='word_1_272' title='bbox 741 3193 794 3260; x_wconf 82' lang='lat' dir='ltr'><strong>lex</strong></span> <span class='ocrx_word' id='word_1_273' title='bbox 816 3200 877 3258; x_wconf 87' lang='lat' dir='ltr'><strong>ista</strong></span> <span class='ocrx_word' id='word_1_274' title='bbox 898 3195 1073 3278; x_wconf 85' lang='lat' dir='ltr'><strong>quibusoam</strong></span> <span class='ocrx_word' id='word_1_275' title='bbox 1088 3199 1229 3277; x_wconf 82' lang='lat' dir='ltr'><strong>personis</strong></span> <span class='ocrx_word' id='word_1_276' title='bbox 1252 3213 1381 3260; x_wconf 73' lang='lat' dir='ltr'><strong>esseae</strong></span> <span class='ocrx_word' id='word_1_277' title='bbox 1403 3202 1490 3279; x_wconf 84' lang='lat' dir='ltr'><strong>atque</strong></span> 
     </span>
     <span class='ocr_line' id='line_1_29' title="bbox 132 3299 1490 3393; baseline 0.004 -34"><span class='ocrx_word' id='word_1_278' title='bbox 132 3313 165 3359; x_wconf 85' lang='lat' dir='ltr'><strong>ex</strong></span> <span class='ocrx_word' id='word_1_279' title='bbox 184 3319 242 3364; x_wconf 86' lang='lat' dir='ltr'><strong>sua</strong></span> <span class='ocrx_word' id='word_1_280' title='bbox 263 3305 384 3384; x_wconf 81' lang='lat' dir='ltr'><strong>origine</strong></span> <span class='ocrx_word' id='word_1_281' title='bbox 405 3307 566 3384; x_wconf 87' lang='lat' dir='ltr'><strong>proposita</strong></span> <span class='ocrx_word' id='word_1_282' title='bbox 589 3306 658 3367; x_wconf 84' lang='lat' dir='ltr'><strong>esti</strong></span> <span class='ocrx_word' id='word_1_283' title='bbox 690 3301 841 3385; x_wconf 86' lang='lat' dir='ltr'><strong>Numquid</strong></span> <span class='ocrx_word' id='word_1_284' title='bbox 864 3307 922 3365; x_wconf 89' lang='lat' dir='ltr'><strong>tuti</strong></span> <span class='ocrx_word' id='word_1_285' title='bbox 945 3301 1111 3367; x_wconf 82' lang='lat' dir='ltr'><strong>christiano</strong></span> <span class='ocrx_word' id='word_1_286' title='bbox 1142 3303 1231 3367; x_wconf 83' lang='lat' dir='ltr'><strong>urbii</strong></span> <span class='ocrx_word' id='word_1_287' title='bbox 1262 3299 1353 3393; x_wconf 82' lang='lat' dir='ltr'><strong>Nihil</strong></span> <span class='ocrx_word' id='word_1_288' title='bbox 1379 3306 1490 3379; x_wconf 77' lang='lat' dir='ltr'><strong>miuus,</strong></span> 
     </span>
     <span class='ocr_line' id='line_1_30' title="bbox 128 3407 1490 3493; baseline 0.003 -25"><span class='ocrx_word' id='word_1_289' title='bbox 128 3409 166 3468; x_wconf 78' lang='lat' dir='ltr'><strong>ud</strong></span> <span class='ocrx_word' id='word_1_290' title='bbox 185 3426 226 3472; x_wconf 83' lang='lat' dir='ltr'><strong>ex</strong></span> <span class='ocrx_word' id='word_1_291' title='bbox 251 3407 393 3490; x_wconf 89' lang='lat' dir='ltr'><strong>probatis</strong></span> <span class='ocrx_word' id='word_1_292' title='bbox 415 3407 525 3493; x_wconf 71' lang='lat' dir='ltr'><strong>liquetq</strong></span> <span class='ocrx_word' id='word_1_293' title='bbox 548 3424 609 3477; x_wconf 89' lang='lat' dir='ltr'><strong>nou</strong></span> <span class='ocrx_word' id='word_1_294' title='bbox 632 3414 711 3473; x_wconf 89' lang='lat' dir='ltr'><strong>enim</strong></span> <span class='ocrx_word' id='word_1_295' title='bbox 727 3409 962 3493; x_wconf 80' lang='lat' dir='ltr'><strong>Congregatiuni</strong></span> <span class='ocrx_word' id='word_1_296' title='bbox 984 3428 1020 3473; x_wconf 85' lang='lat' dir='ltr'><strong>ea</strong></span> <span class='ocrx_word' id='word_1_297' title='bbox 1040 3428 1126 3475; x_wconf 88' lang='lat' dir='ltr'><strong>mens</strong></span> <span class='ocrx_word' id='word_1_298' title='bbox 1149 3408 1271 3480; x_wconf 79' lang='lat' dir='ltr'><strong>insidet</strong></span> <span class='ocrx_word' id='word_1_299' title='bbox 1296 3417 1329 3473; x_wconf 92' lang='lat' dir='ltr'><strong>ut</strong></span> <span class='ocrx_word' id='word_1_300' title='bbox 1350 3413 1490 3492; x_wconf 80' lang='lat' dir='ltr'><strong>particu-</strong></span> 
     </span>
     <span class='ocr_line' id='line_1_31' title="bbox 126 3506 1490 3597; baseline 0.001 -20"><span class='ocrx_word' id='word_1_301' title='bbox 126 3506 200 3577; x_wconf 85' lang='lat' dir='ltr'><strong>laria</strong></span> <span class='ocrx_word' id='word_1_302' title='bbox 231 3535 291 3579; x_wconf 88' lang='lat' dir='ltr'><strong>sua</strong></span> <span class='ocrx_word' id='word_1_303' title='bbox 319 3513 440 3580; x_wconf 88' lang='lat' dir='ltr'><strong>decreta</strong></span> <span class='ocrx_word' id='word_1_304' title='bbox 465 3517 504 3580; x_wconf 89' lang='lat' dir='ltr'><strong>ad</strong></span> <span class='ocrx_word' id='word_1_305' title='bbox 532 3522 702 3582; x_wconf 87' lang='lat' dir='ltr'><strong>nniversam</strong></span> <span class='ocrx_word' id='word_1_306' title='bbox 730 3517 803 3580; x_wconf 83' lang='lat' dir='ltr'><strong>velit</strong></span> <span class='ocrx_word' id='word_1_307' title='bbox 832 3522 960 3580; x_wconf 85' lang='lat' dir='ltr'><strong>extense</strong></span> <span class='ocrx_word' id='word_1_308' title='bbox 991 3517 1158 3580; x_wconf 82' lang='lat' dir='ltr'><strong>ecclesiam.</strong></span> <span class='ocrx_word' id='word_1_309' title='bbox 1204 3511 1372 3596; x_wconf 71' lang='lat' dir='ltr'><strong>Quemnam</strong></span> <span class='ocrx_word' id='word_1_310' title='bbox 1396 3521 1490 3597; x_wconf 86' lang='lat' dir='ltr'><strong>igitur</strong></span> 
     </span>
     <span class='ocr_line' id='line_1_32' title="bbox 124 3619 1492 3713; baseline 0.004 -33"><span class='ocrx_word' id='word_1_311' title='bbox 124 3619 303 3713; x_wconf 77' lang='lat' dir='ltr'><strong>obnoxium</strong></span> <span class='ocrx_word' id='word_1_312' title='bbox 316 3623 375 3686; x_wconf 92' lang='lat' dir='ltr'><strong>sibi</strong></span> <span class='ocrx_word' id='word_1_313' title='bbox 397 3641 476 3688; x_wconf 85' lang='lat' dir='ltr'><strong>nora</strong></span> <span class='ocrx_word' id='word_1_314' title='bbox 497 3625 570 3690; x_wconf 87' lang='lat' dir='ltr'><strong>baec</strong></span> <span class='ocrx_word' id='word_1_315' title='bbox 598 3619 793 3706; x_wconf 85' lang='lat' dir='ltr'><strong>particularis</strong></span> <span class='ocrx_word' id='word_1_316' title='bbox 815 3620 867 3686; x_wconf 81' lang='lat' dir='ltr'><strong>lex</strong></span> <span class='ocrx_word' id='word_1_317' title='bbox 888 3621 1010 3686; x_wconf 88' lang='lat' dir='ltr'><strong>babebit</strong></span> <span class='ocrx_word' id='word_1_318' title='bbox 1031 3634 1062 3687; x_wconf 90' lang='lat' dir='ltr'><strong>et</strong></span> <span class='ocrx_word' id='word_1_319' title='bbox 1082 3620 1269 3708; x_wconf 88' lang='lat' dir='ltr'><strong>subjectumi</strong></span> <span class='ocrx_word' id='word_1_320' title='bbox 1290 3621 1377 3691; x_wconf 84' lang='lat' dir='ltr'><strong>Illum</strong></span> <span class='ocrx_word' id='word_1_321' title='bbox 1391 3624 1492 3688; x_wconf 87' lang='lat' dir='ltr'><strong>locum</strong></span> 
     </span>
     <span class='ocr_line' id='line_1_33' title="bbox 122 3720 1492 3813; baseline 0.002 -22"><span class='ocrx_word' id='word_1_322' title='bbox 122 3745 163 3790; x_wconf 80' lang='lat' dir='ltr'><strong>tc.</strong></span> <span class='ocrx_word' id='word_1_323' title='bbox 189 3724 280 3793; x_wconf 85' lang='lat' dir='ltr'><strong>illam</strong></span> <span class='ocrx_word' id='word_1_324' title='bbox 305 3729 477 3811; x_wconf 86' lang='lat' dir='ltr'><strong>dioecesim,</strong></span> <span class='ocrx_word' id='word_1_325' title='bbox 493 3730 577 3795; x_wconf 92' lang='lat' dir='ltr'><strong>illum</strong></span> <span class='ocrx_word' id='word_1_326' title='bbox 591 3728 711 3804; x_wconf 84' lang='lat' dir='ltr'><strong>clerum,</strong></span> <span class='ocrx_word' id='word_1_327' title='bbox 734 3734 766 3793; x_wconf 93' lang='lat' dir='ltr'><strong>in</strong></span> <span class='ocrx_word' id='word_1_328' title='bbox 781 3748 838 3812; x_wconf 86' lang='lat' dir='ltr'><strong>quc</strong></span> <span class='ocrx_word' id='word_1_329' title='bbox 861 3720 997 3793; x_wconf 83' lang='lat' dir='ltr'><strong>motulis</strong></span> <span class='ocrx_word' id='word_1_330' title='bbox 1019 3730 1126 3802; x_wconf 75' lang='lat' dir='ltr'><strong>iuerat</strong></span> <span class='ocrx_word' id='word_1_331' title='bbox 1150 3738 1180 3792; x_wconf 89' lang='lat' dir='ltr'><strong>et</strong></span> <span class='ocrx_word' id='word_1_332' title='bbox 1195 3749 1251 3812; x_wconf 93' lang='lat' dir='ltr'><strong>pro</strong></span> <span class='ocrx_word' id='word_1_333' title='bbox 1268 3749 1325 3813; x_wconf 85' lang='lat' dir='ltr'><strong>quc</strong></span> <span class='ocrx_word' id='word_1_334' title='bbox 1341 3730 1492 3813; x_wconf 82' lang='lat' dir='ltr'><strong>dirempta</strong></span> 
     </span>
     <span class='ocr_line' id='line_1_34' title="bbox 119 3830 1488 3921; baseline 0.001 -21"><span class='ocrx_word' id='word_1_335' title='bbox 119 3835 213 3900; x_wconf 80' lang='lat' dir='ltr'><strong>nouo</strong></span> <span class='ocrx_word' id='word_1_336' title='bbox 240 3842 526 3911; x_wconf 66' lang='lat' dir='ltr'><strong>connominari,</strong></span> <span class='ocrx_word' id='word_1_337' title='bbox 550 3843 651 3921; x_wconf 89' lang='lat' dir='ltr'><strong>sicque</strong></span> <span class='ocrx_word' id='word_1_338' title='bbox 672 3845 755 3901; x_wconf 87' lang='lat' dir='ltr'><strong>totus</strong></span> <span class='ocrx_word' id='word_1_339' title='bbox 779 3833 831 3899; x_wconf 88' lang='lat' dir='ltr'><strong>ilia</strong></span> <span class='ocrx_word' id='word_1_340' title='bbox 845 3834 940 3907; x_wconf 82' lang='lat' dir='ltr'><strong>lucus,</strong></span> <span class='ocrx_word' id='word_1_341' title='bbox 964 3835 1135 3900; x_wconf 86' lang='lat' dir='ltr'><strong>universum</strong></span> <span class='ocrx_word' id='word_1_342' title='bbox 1151 3830 1323 3919; x_wconf 84' lang='lat' dir='ltr'><strong>Collegium</strong></span> <span class='ocrx_word' id='word_1_343' title='bbox 1346 3845 1488 3901; x_wconf 87' lang='lat' dir='ltr'><strong>cunctac-</strong></span> 
     </span>
     <span class='ocr_line' id='line_1_35' title="bbox 119 3940 1489 4026; baseline 0.001 -22"><span class='ocrx_word' id='word_1_344' title='bbox 119 3959 176 4023; x_wconf 83' lang='lat' dir='ltr'><strong>qua</strong></span> <span class='ocrx_word' id='word_1_345' title='bbox 213 3940 257 4006; x_wconf 84' lang='lat' dir='ltr'><strong>ad</strong></span> <span class='ocrx_word' id='word_1_346' title='bbox 286 3941 318 4006; x_wconf 89' lang='lat' dir='ltr'><strong>id</strong></span> <span class='ocrx_word' id='word_1_347' title='bbox 346 3951 520 4025; x_wconf 77' lang='lat' dir='ltr'><strong>spectantes</strong></span> <span class='ocrx_word' id='word_1_348' title='bbox 545 3962 692 4026; x_wconf 85' lang='lat' dir='ltr'><strong>personae</strong></span> <span class='ocrx_word' id='word_1_349' title='bbox 725 3943 837 4006; x_wconf 83' lang='lat' dir='ltr'><strong>decisis</strong></span> <span class='ocrx_word' id='word_1_350' title='bbox 865 3950 946 4005; x_wconf 84' lang='lat' dir='ltr'><strong>stare</strong></span> <span class='ocrx_word' id='word_1_351' title='bbox 968 3945 1012 4006; x_wconf 90' lang='lat' dir='ltr'><strong>ita</strong></span> <span class='ocrx_word' id='word_1_352' title='bbox 1033 3950 1172 4006; x_wconf 86' lang='lat' dir='ltr'><strong>tenentur</strong></span> <span class='ocrx_word' id='word_1_353' title='bbox 1194 3952 1227 4008; x_wconf 90' lang='lat' dir='ltr'><strong>ut</strong></span> <span class='ocrx_word' id='word_1_354' title='bbox 1249 3944 1362 4007; x_wconf 86' lang='lat' dir='ltr'><strong>abolita</strong></span> <span class='ocrx_word' id='word_1_355' title='bbox 1382 3948 1489 4007; x_wconf 86' lang='lat' dir='ltr'><strong>meritc</strong></span> 
     </span>
     <span class='ocr_line' id='line_1_36' title="bbox 120 4045 1491 4134; baseline -0.002 -21"><span class='ocrx_word' id='word_1_356' title='bbox 120 4048 316 4115; x_wconf 78' lang='lat' dir='ltr'><strong>consuetudo</strong></span> <span class='ocrx_word' id='word_1_357' title='bbox 340 4055 458 4116; x_wconf 84' lang='lat' dir='ltr'><strong>censeri</strong></span> <span class='ocrx_word' id='word_1_358' title='bbox 479 4051 603 4129; x_wconf 71' lang='lat' dir='ltr'><strong>dabam,</strong></span> <span class='ocrx_word' id='word_1_359' title='bbox 632 4058 738 4115; x_wconf 85' lang='lat' dir='ltr'><strong>contra</strong></span> <span class='ocrx_word' id='word_1_360' title='bbox 760 4068 846 4134; x_wconf 86' lang='lat' dir='ltr'><strong>quam</strong></span> <span class='ocrx_word' id='word_1_361' title='bbox 869 4045 931 4112; x_wconf 85' lang='lat' dir='ltr'><strong>lata</strong></span> <span class='ocrx_word' id='word_1_362' title='bbox 952 4045 1004 4112; x_wconf 85' lang='lat' dir='ltr'><strong>lex</strong></span> <span class='ocrx_word' id='word_1_363' title='bbox 1026 4055 1087 4122; x_wconf 86' lang='lat' dir='ltr'><strong>ast,</strong></span> <span class='ocrx_word' id='word_1_364' title='bbox 1110 4046 1182 4125; x_wconf 87' lang='lat' dir='ltr'><strong>licut</strong></span> <span class='ocrx_word' id='word_1_365' title='bbox 1204 4068 1241 4115; x_wconf 89' lang='lat' dir='ltr'><strong>ea</strong></span> <span class='ocrx_word' id='word_1_366' title='bbox 1260 4049 1437 4114; x_wconf 62' lang='lat' dir='ltr'><strong>ematurata</strong></span> <span class='ocrx_word' id='word_1_367' title='bbox 1460 4057 1491 4111; x_wconf 91' lang='lat' dir='ltr'><strong>et</strong></span> 
     </span>
     <span class='ocr_line' id='line_1_37' title="bbox 117 4152 1491 4240; baseline 0.004 -22"><span class='ocrx_word' id='word_1_368' title='bbox 117 4154 156 4218; x_wconf 80' lang='lat' dir='ltr'><strong>ab</strong></span> <span class='ocrx_word' id='word_1_369' title='bbox 187 4158 425 4223; x_wconf 81' lang='lat' dir='ltr'><strong>immemorabili</strong></span> <span class='ocrx_word' id='word_1_370' title='bbox 454 4177 510 4225; x_wconf 89' lang='lat' dir='ltr'><strong>usu</strong></span> <span class='ocrx_word' id='word_1_371' title='bbox 539 4165 669 4223; x_wconf 79' lang='lat' dir='ltr'><strong>servata</strong></span> <span class='ocrx_word' id='word_1_372' title='bbox 701 4152 732 4234; x_wconf 79' lang='lat'><strong>²)</strong></span> <span class='ocrx_word' id='word_1_373' title='bbox 778 4155 896 4221; x_wconf 75' lang='lat' dir='ltr'><strong>Castam</strong></span> <span class='ocrx_word' id='word_1_374' title='bbox 923 4174 1012 4231; x_wconf 84' lang='lat' dir='ltr'><strong>vero,</strong></span> <span class='ocrx_word' id='word_1_375' title='bbox 1043 4175 1132 4237; x_wconf 82' lang='lat' dir='ltr'><strong>panes</strong></span> <span class='ocrx_word' id='word_1_376' title='bbox 1163 4176 1239 4240; x_wconf 85' lang='lat' dir='ltr'><strong>quos</strong></span> <span class='ocrx_word' id='word_1_377' title='bbox 1260 4175 1355 4239; x_wconf 85' lang='lat' dir='ltr'><strong>neque</strong></span> <span class='ocrx_word' id='word_1_378' title='bbox 1375 4161 1491 4223; x_wconf 80' lang='lat' dir='ltr'><strong>notum</strong></span> 
     </span>
     <span class='ocr_line' id='line_1_38' title="bbox 118 4258 1490 4351; baseline -0.001 -24"><span class='ocrx_word' id='word_1_379' title='bbox 118 4281 259 4351; x_wconf 81' lang='lat' dir='ltr'><strong>unquam</strong></span> <span class='ocrx_word' id='word_1_380' title='bbox 278 4263 402 4329; x_wconf 86' lang='lat' dir='ltr'><strong>dubium</strong></span> <span class='ocrx_word' id='word_1_381' title='bbox 422 4274 487 4328; x_wconf 90' lang='lat' dir='ltr'><strong>erat</strong></span> <span class='ocrx_word' id='word_1_382' title='bbox 509 4266 547 4329; x_wconf 88' lang='lat' dir='ltr'><strong>de</strong></span> <span class='ocrx_word' id='word_1_383' title='bbox 567 4264 677 4330; x_wconf 76' lang='lat' dir='ltr'><strong>uadem</strong></span> <span class='ocrx_word' id='word_1_384' title='bbox 700 4264 805 4328; x_wconf 88' lang='lat' dir='ltr'><strong>usibus</strong></span> <span class='ocrx_word' id='word_1_385' title='bbox 826 4282 920 4347; x_wconf 83' lang='lat' dir='ltr'><strong>neque</strong></span> <span class='ocrx_word' id='word_1_386' title='bbox 941 4261 1069 4346; x_wconf 85' lang='lat' dir='ltr'><strong>proinde</strong></span> <span class='ocrx_word' id='word_1_387' title='bbox 1089 4262 1206 4329; x_wconf 87' lang='lat' dir='ltr'><strong>aboleri</strong></span> <span class='ocrx_word' id='word_1_388' title='bbox 1227 4258 1394 4331; x_wconf 80' lang='lat' dir='ltr'><strong>laudabiles</strong></span> <span class='ocrx_word' id='word_1_389' title='bbox 1412 4264 1490 4333; x_wconf 75' lang='lat' dir='ltr'><strong>istae</strong></span> 
     </span>
     <span class='ocr_line' id='line_1_39' title="bbox 118 4369 1490 4456; baseline -0.001 -19"><span class='ocrx_word' id='word_1_390' title='bbox 118 4369 419 4456; x_wconf 77' lang='lat' dir='ltr'><strong>imncmedaleeque</strong></span> <span class='ocrx_word' id='word_1_391' title='bbox 441 4370 674 4439; x_wconf 85' lang='lat' dir='ltr'><strong>consuetudines</strong></span> <span class='ocrx_word' id='word_1_392' title='bbox 695 4380 841 4454; x_wconf 84' lang='lat' dir='ltr'><strong>possunt,</strong></span> <span class='ocrx_word' id='word_1_393' title='bbox 873 4376 944 4453; x_wconf 91' lang='lat' dir='ltr'><strong>quin</strong></span> <span class='ocrx_word' id='word_1_394' title='bbox 965 4369 1127 4437; x_wconf 86' lang='lat' dir='ltr'><strong>excitanda</strong></span> <span class='ocrx_word' id='word_1_395' title='bbox 1148 4388 1187 4435; x_wconf 86' lang='lat' dir='ltr'><strong>ex</strong></span> <span class='ocrx_word' id='word_1_396' title='bbox 1210 4369 1374 4435; x_wconf 84' lang='lat' dir='ltr'><strong>universali</strong></span> <span class='ocrx_word' id='word_1_397' title='bbox 1395 4371 1490 4435; x_wconf 82' lang='lat' dir='ltr'><strong>tetius</strong></span> 
     </span>
     <span class='ocr_line' id='line_1_40' title="bbox 115 4473 1490 4563; baseline -0.001 -20"><span class='ocrx_word' id='word_1_398' title='bbox 115 4481 303 4563; x_wconf 76' lang='lat' dir='ltr'><strong>prormciae</strong></span> <span class='ocrx_word' id='word_1_399' title='bbox 325 4478 521 4544; x_wconf 86' lang='lat' dir='ltr'><strong>dissensione</strong></span> <span class='ocrx_word' id='word_1_400' title='bbox 543 4498 578 4543; x_wconf 87' lang='lat' dir='ltr'><strong>ac</strong></span> <span class='ocrx_word' id='word_1_401' title='bbox 592 4496 742 4545; x_wconf 84' lang='lat' dir='ltr'><strong>murmure</strong></span> <span class='ocrx_word' id='word_1_402' title='bbox 764 4482 866 4561; x_wconf 72' lang='lat' dir='ltr'><strong>greum</strong></span> <span class='ocrx_word' id='word_1_403' title='bbox 890 4477 1057 4543; x_wconf 84' lang='lat' dir='ltr'><strong>christiano</strong></span> <span class='ocrx_word' id='word_1_404' title='bbox 1069 4474 1178 4559; x_wconf 88' lang='lat' dir='ltr'><strong>populo</strong></span> <span class='ocrx_word' id='word_1_405' title='bbox 1201 4480 1382 4559; x_wconf 84' lang='lat' dir='ltr'><strong>importetur</strong></span> <span class='ocrx_word' id='word_1_406' title='bbox 1404 4473 1490 4543; x_wconf 84' lang='lat' dir='ltr'><strong>cala-</strong></span> 
     </span>
     <span class='ocr_line' id='line_1_41' title="bbox 116 4581 1491 4677; baseline -0.001 -26"><span class='ocrx_word' id='word_1_407' title='bbox 116 4589 242 4677; x_wconf 72' lang='lat' dir='ltr'><strong>nitu,</strong></span> <span class='ocrx_word' id='word_1_408' title='bbox 263 4589 390 4663; x_wconf 81' lang='lat' dir='ltr'><strong>caeteri,</strong></span> <span class='ocrx_word' id='word_1_409' title='bbox 422 4590 556 4670; x_wconf 84' lang='lat' dir='ltr'><strong>inquam.</strong></span> <span class='ocrx_word' id='word_1_410' title='bbox 586 4590 700 4655; x_wconf 82' lang='lat' dir='ltr'><strong>eximia</strong></span> <span class='ocrx_word' id='word_1_411' title='bbox 729 4584 848 4668; x_wconf 87' lang='lat' dir='ltr'><strong>quidem</strong></span> <span class='ocrx_word' id='word_1_412' title='bbox 877 4589 1045 4659; x_wconf 68' lang='lat' dir='ltr'><strong>numantia</strong></span> <span class='ocrx_word' id='word_1_413' title='bbox 1065 4600 1235 4666; x_wconf 65' lang='lat' dir='ltr'><strong>supernum</strong></span> <span class='ocrx_word' id='word_1_414' title='bbox 1256 4581 1314 4650; x_wconf 87' lang='lat' dir='ltr'><strong>boc</strong></span> <span class='ocrx_word' id='word_1_415' title='bbox 1337 4583 1491 4655; x_wconf 82' lang='lat' dir='ltr'><strong>oraculum</strong></span> 
     </span>
    </p>
   </div>
   <div class='ocr_carea' id='block_1_3' title="bbox 113 4752 346 4779">
    <p class='ocr_par' dir='ltr' id='par_1_3' title="bbox 113 4752 346 4779">
     <span class='ocr_line' id='line_1_42' title="bbox 113 4752 346 4779; baseline -0.013 -2"><span class='ocrx_word' id='word_1_416' title='bbox 113 4752 346 4779; x_wconf 52' lang='lat' dir='ltr'><em>m</em></span> 
     </span>
    </p>
   </div>
   <div class='ocr_carea' id='block_1_4' title="bbox 176 4866 1489 5202">
    <p class='ocr_par' dir='ltr' id='par_1_4' title="bbox 176 4866 1489 5202">
     <span class='ocr_line' id='line_1_43' title="bbox 177 4866 191 4903; baseline 0 0"><span class='ocrx_word' id='word_1_417' title='bbox 177 4866 191 4903; x_wconf 83' lang='lat' dir='ltr'><strong>a</strong></span> 
     </span>
     <span class='ocr_line' id='line_1_44' title="bbox 176 4867 1489 5031; baseline -0.008 -13"><span class='ocrx_word' id='word_1_418' title='bbox 176 4868 211 5025; x_wconf 53' lang='grc' dir='ltr'><strong>’ζ</strong></span> <span class='ocrx_word' id='word_1_419' title='bbox 238 4867 437 5031; x_wconf 50' lang='lat' dir='ltr'><strong>1⁰13*me</strong></span> <span class='ocrx_word' id='word_1_420' title='bbox 447 4960 473 5012; x_wconf 65' lang='lat' dir='ltr'><strong>St</strong></span> <span class='ocrx_word' id='word_1_421' title='bbox 489 4958 520 5012; x_wconf 84' lang='lat' dir='ltr'><strong>il.</strong></span> <span class='ocrx_word' id='word_1_422' title='bbox 539 4957 568 5013; x_wconf 84' lang='lat' dir='ltr'><strong>c.</strong></span> <span class='ocrx_word' id='word_1_423' title='bbox 586 4958 740 5015; x_wconf 67' lang='lat' dir='ltr'><strong>demerit</strong></span> <span class='ocrx_word' id='word_1_424' title='bbox 756 4961 813 5015; x_wconf 84' lang='lat' dir='ltr'><strong>rub.</strong></span> <span class='ocrx_word' id='word_1_425' title='bbox 831 4960 856 5010; x_wconf 79' lang='lat' dir='ltr'><strong>d</strong></span> <span class='ocrx_word' id='word_1_426' title='bbox 868 4959 895 5013; x_wconf 75' lang='lat'><strong>³.</strong></span> <span class='ocrx_word' id='word_1_427' title='bbox 915 4958 982 5023; x_wconf 78' lang='lat' dir='ltr'><strong>aug.</strong></span> <span class='ocrx_word' id='word_1_428' title='bbox 1003 4953 1082 5026; x_wconf 79' lang='lat' dir='ltr'><strong>isti,</strong></span> <span class='ocrx_word' id='word_1_429' title='bbox 1102 4956 1285 5012; x_wconf 70' lang='lat' dir='ltr'><strong>iweieruiom</strong></span> <span class='ocrx_word' id='word_1_430' title='bbox 1303 4967 1489 5025; x_wconf 74' lang='lat' dir='ltr'><strong>pneumaque</strong></span> 
     </span>
     <span class='ocr_line' id='line_1_45' title="bbox 245 5046 1273 5202; baseline -0.01 -95"><span class='ocrx_word' id='word_1_431' title='bbox 245 5046 1197 5119; x_wconf 65' lang='lat' dir='ltr'><strong>mumumopunumpmmteutoitcpraeeeripeoe</strong></span> <span class='ocrx_word' id='word_1_432' title='bbox 1231 5132 1273 5202; x_wconf 55' lang='grc' dir='ltr'>μ</span> 
     </span>
    </p>
   </div>
   <div class='ocr_carea' id='block_1_5' title="bbox 0 0 1688 5216">
    <p class='ocr_par' dir='ltr' id='par_1_5' title="bbox 0 0 1688 5216">
     <span class='ocr_line' id='line_1_46' title="bbox 0 0 1688 5216; baseline 0 0"><span class='ocrx_word' id='word_1_433' title='bbox 0 0 1688 5216; x_wconf 95' lang='lat' dir='ltr'><strong> </strong></span> 
     </span>
    </p>
   </div>
  </div>
 </body>
</html>
