3330 5222
105 231 232 295 alienum
246 232 298 307 sit,
320 228 464 315 Episcopi
479 227 548 311 plus
571 247 631 292 una
651 228 717 291 vica
731 230 935 310 exposuerunt
948 242 978 295 et
993 230 1137 295 medelam
1152 231 1251 295 aberni
1264 220 1456 316 Imperatoris

105 319 240 384 onnam
254 328 311 391 est.
338 338 460 401 cumve
475 317 531 381 boo
549 316 621 399 ipso
644 327 775 399 tempore
798 318 835 381 de
857 320 1046 387 rnoemaado
1069 330 1132 385 toto
1152 320 1265 389 milites
1291 320 1456 397 obesas

107 411 237 559 negandip·
242 416 369 489 agatur,
395 406 508 492 jussit,
540 414 573 467 ut
602 404 633 468 in
666 402 913 487 dispositionibus
945 408 1107 473 condendis
1140 408 1220 473 clero
1244 408 1344 473 debito
1368 409 1456 473 modo

109 519 180 581 prou
240 508 302 560 tur.

230 601 308 668 XVI.
355 597 463 682 Quoad
484 608 567 663 ratas
590 594 741 661 babendas
763 621 908 682 personas
932 604 969 667 ad
993 605 1134 669 beneficio
1156 603 1358 670 ecelesiastica
1382 626 1457 688 pro-

115 693 262 757 mendas
287 691 433 778 blajestas
457 692 515 753 Soa
539 688 684 759 intendit,
716 699 820 753 cuncta
843 692 874 754 in
898 714 941 765 ao,
965 714 1023 777 quo
1046 714 1123 757 nunc
1146 705 1232 773 scunt,
1256 704 1335 758 statu
1358 691 1457 757 relin-

114 802 195 865 με,
218 791 250 843 et
274 789 386 863 sperat,
410 798 559 860 nunquam
581 778 723 855 littorum,
746 780 824 861 quod
846 782 1053 846 necessitatem
1073 784 1191 862 inferat,
1215 784 1361 870 ejusmodi
1384 803 1456 847 cau-
1519 850 1521 859 ,

112 874 210 935 doum
234 867 376 953 amplius,
400 887 486 953 quam
508 867 658 950 bucusque
681 866 791 930 lamnam
812 870 861 947 sit,
889 870 1058 937 adhibendi.
1138 940 1144 957 .
1174 912 1181 927 .

233 976 327 1042 uult
357 975 471 1039 oomni
499 995 553 1056 par
579 973 732 1039 Ausmiam
760 973 944 1056 Imperantes
972 978 1040 1062 jure
1064 987 1238 1059 potronatus
1262 996 1386 1042 coronae
1408 976 1456 1042 val

104 1066 259 1131 tnndorurn
291 1064 477 1149 publicorum
506 1063 625 1127 nomine
656 1063 823 1127 metendo
853 1075 1025 1130 constanter
1056 1069 1096 1129 ita
1128 1069 1175 1130 uei
1198 1077 1285 1143 aunt,
1316 1076 1349 1130 ut
1371 1086 1457 1129 cume

103 1159 264 1219 animrum
298 1156 448 1219 albeaeius
479 1153 623 1236 gerendae
655 1150 827 1216 benevolam
858 1173 957 1218 curam
980 1155 1139 1233 baberent,
1169 1167 1199 1219 at
1220 1156 1364 1242 ltlajestas
1388 1158 1456 1228 sna,

103 1265 173 1329 qnae
204 1245 262 1309 bac
298 1245 333 1306 da
367 1265 401 1307 re
432 1243 468 1305 ab
497 1241 750 1306 Antecessoribus
779 1242 855 1326 Ejus
891 1244 1052 1311 constituta
1082 1254 1171 1323 sunt,
1205 1265 1261 1327 pro
1291 1246 1399 1326 pietate
1428 1253 1457 1306 at

101 1333 250 1416 sapientia
272 1335 331 1397 Sua
354 1331 581 1415 propriumotu
604 1328 797 1392 confirmavit.
843 1331 988 1396 Voluntas
1011 1332 1085 1417 Ejus
1109 1344 1169 1411 est,
1199 1343 1232 1396 ut
1261 1332 1333 1395 baec
1356 1333 1457 1397 melem

100 1424 298 1505 imposterum
331 1440 443 1506 quoque
474 1418 558 1483 salva
588 1420 784 1482 conuentione
815 1420 942 1485 articulo
965 1423 1055 1486 XXV.
1085 1423 1158 1485 inita
1190 1424 1273 1485 bama
1303 1430 1457 1495 maneant3

100 1516 207 1596 quippe
231 1511 401 1586 desiderat,
433 1518 465 1572 ut
495 1508 536 1571 ad
562 1505 761 1590 parochialem
790 1511 953 1572 animarum
983 1530 1082 1573 carram
1104 1513 1234 1593 optimus
1257 1516 1378 1597 quisque
1401 1511 1458 1573 de-
1581 1524 1592 1548 ‘

98 1614 239 1683 poterone
270 1610 301 1662 et
332 1599 425 1681 probe
446 1599 520 1673 scit,
551 1598 651 1680 quanti
672 1596 705 1658 in
725 1594 889 1677 seligendis
913 1599 1117 1662 sacerdotibus
1141 1602 1248 1663 ceteris
1270 1599 1457 1682 dignioribus

98 1691 261 1754 Antistitis
285 1689 456 1751 dioecesani
474 1686 619 1772 judicium
640 1684 807 1749 laciendum
830 1689 879 1749 sit.

233 1794 334 1863 xuttt
382 1796 416 1857 Si
437 1794 541 1857 lorsan
564 1793 687 1864 eveniat,
711 1802 744 1855 ut
766 1795 933 1874 corporatio
948 1794 1090 1879 quaedam
1106 1791 1301 1859 ecclesiastica
1322 1792 1458 1876 legitime

99 1885 324 1969 supprimatur,
356 1883 513 1960 beneficia,
543 1882 580 1945 ad
604 1902 676 1969 quae
698 1889 960 1963 praesentaverat,
984 1881 1094 1947 liberae
1118 1880 1274 1947 collationi
1297 1883 1459 1964 episcopali

103 1975 278 2046 taddaeum
303 1975 336 2036 in
358 1980 499 2054 quantum
521 1971 554 2033 id
576 1989 719 2037 munuum
742 1972 911 2035 sanctiones
932 1973 1150 2053 praescribunt.

236 2080 314 2145 xlx,
353 2077 498 2165 llajeatas
521 2079 580 2141 Sua
609 2075 781 2141 nullomodo
803 2076 957 2141 obstacula
980 2098 1091 2159 ponera
1114 2076 1258 2149 intendit,
1282 2080 1350 2161 quin
1374 2078 1459 2142 Onu-

100 2171 312 2236 lraternitates
343 2167 407 2231 sive
435 2162 631 2243 sodalitates,
661 2165 762 2247 quales
792 2165 925 2230 Ecclesia
952 2169 1058 2249 probat
1088 2178 1118 2231 et
1148 2168 1350 2243 commendat,
1382 2184 1459 2233 oon-

100 2262 265 2331 atituaatur
280 2267 311 2325 et
326 2256 447 2339 pietatis
466 2255 607 2337 operibns
623 2255 714 2319 unitis
729 2255 844 2319 viribus
859 2256 1040 2320 incumbant.
1069 2259 1210 2322 Attamen
1224 2257 1460 2340 praecavendum

98 2360 143 2413 ast
163 2345 342 2432 periculum,
366 2365 405 2409 ne
426 2342 615 2408 sodalitatem
638 2344 752 2425 piarum
774 2342 861 2407 titulo
883 2342 1055 2411 molitiones
1079 2347 1254 2429 obtegantur
1275 2347 1305 2408 in
1330 2347 1471 2410 ciuitstr's'

99 2441 149 2503 sad
177 2445 207 2501 et
240 2434 398 2501 Ecclesiae
423 2433 583 2515 perniciem
612 2442 772 2497 vertentes.
832 2435 932 2516 ltaque
961 2437 1114 2503 cautiones
1145 2436 1286 2518 quasdam
1319 2434 1476 2517 adbibere⁸

98 2548 218 2592 accuse
252 2536 317 2603 est,
333 2565 335 2568 >
351 2522 451 2606 magni
479 2524 580 2587 'tamen
594 2523 743 2604 >Episcopi
776 2523 945 2589 dioecesani
976 2524 1013 2587 de
1036 2523 1199 2590 sodalitate
1231 2525 1357 2607 quadarn
1379 2543 1456 2587 eon-

99 2615 250 2685 sdtnanda
267 2614 416 2701 judiciam
438 2613 499 2677 liet
539 2668 544 2673 ,
1492 2615 1497 2623 ’

228 2724 301 2785 XX.
339 2717 565 2799 Arcbiepiscopi
596 2717 715 2779 minime
744 2718 959 2800 impedientur,
993 2719 1064 2802 quin
1094 2720 1124 2781 in
1158 2719 1305 2781 institutis
1328 2719 1394 2800 piis·
1413 2740 1457 2794 eo,

106 2835 170 2896 qnae
189 2810 374 2893 religionem
398 2817 433 2870 et·
449 2807 527 2878 vitae
550 2806 739 2897 Christianae
759 2807 960 2888 integritatem
982 2810 1116 2878 eminent,
1143 2808 1326 2871 vienensis
1350 2816 1457 2889 pasto-

108 2902 169 2966 ralis
189 2904 237 2965 eis
259 2896 378 2982 proprii
394 2895 532 2977 dirigant.
579 2891 729 2985 erantum
749 2915 821 2957 vero
836 2895 980 2980 Majestas
996 2897 1055 2959 Sua
1071 2905 1202 2978 exoptet,
1227 2906 1259 2957 ut
1274 2898 1308 2959 in
1319 2896 1457 2960 omuibus

119 2993 325 3073 φἰιιιεωιιιιιιο
346 2986 495 3050 institutis
526 2994 630 3048 cuncta
652 2993 735 3048 recte
756 3003 790 3046 ac
813 2985 861 3065 pia
885 2993 1114 3065 componantur,
1144 3005 1181 3048 ex
1206 3006 1241 3048 eo
1264 2994 1356 3066 patet,
1380 2986 1456 3068 qnod

123 3081 202 3149 ώιιι
219 3083 266 3161 qui
293 3076 423 3139 carceris
447 3095 572 3156 poenam
595 3072 687 3145 luunt,
712 3075 876 3136 novissime
899 3093 1035 3155 magnam
1056 3084 1171 3154 partam
1195 3077 1458 3157 congregationum

5 3190 7 3203 ¹
120 3165 310 3250 religiom
335 3185 422 3228 curae
446 3163 615 3227 demandati
637 3164 755 3226 luerint

5 3236 12 3361 l

231 3275 374 3341 ceterum
397 3270 470 3333 mibi
492 3288 665 3334 concessaun
682 3270 730 3341 sit,
756 3270 852 3333 denuo
875 3288 1024 3350 exponere
1048 3289 1156 3335 seueras
1173 3288 1306 3335 summae
1330 3290 1458 3333 venera·-

110 3365 204 3439 tonte,
229 3381 360 3448 quacum
383 3378 549 3441 permaneo.
642 3374 645 3379 ’
1017 3394 1023 3401 -

480 3555 663 3619 Eminentius
686 3555 813 3617 Vestrae
835 3555 1078 3619 Reuendissimae
1147 3618 1151 3624 ,

149 3780 161 3790 .
236 3700 388 3771 Viennae,
413 3698 460 3761 die
485 3697 687 3803 1831lugusti
713 3701 808 3762 1855.

644 3889 826 3954 hermilltmus
840 3898 880 3953 'et
903 3890 1187 3975 obsequentissimus
1212 3912 1319 3954 servus

556 4012 666 4085 ὕοι.
690 4010 918 4085 othmar.
942 4014 1004 4085 dc
1028 4012 1296 4085 Romanor
1318 4036 1358 4080 ro.
1383 4039 1412 4097 p.

753 4141 1005 4223 Arelaiepiscopus
1028 4140 1222 4202 Viennensis.

673 4458 884 4503 zzz-:iz
