3402 5220
486 370 524 435 A.
1183 369 1218 436 B·

166 471 281 535 ideireo
304 472 413 538 nuiiem
437 489 475 538 en
497 475 623 556 pniuutie
645 479 751 541 mineio
774 493 833 539 ex·
864 476 1097 544 imede'eiiouetu
1119 480 1227 544 eouiro
1241 471 1372 562 sulpura
1394 477 1427 539 et
1449 477 1530 539 ieeu-

168 587 254 642 ienno
276 577 375 665 niiquo
396 581 484 664 signo
499 615 542 630 ··-
558 583 645 667 quoio
665 587 696 646 in
719 599 834 663 ouper-
856 569 1002 664 'peceato
1020 587 1112 674 juxte
1133 585 1350 668 praescriptam
1373 582 1410 644 nb
1434 580 1529 646 Ordi-

168 685 256 748 stom
277 705 344 750 eunt
367 707 451 771 uquo
474 687 635 753 benedicio
666 699 747 764 oet-to
775 689 832 753 iu-
862 697 949 756 nonio
972 692 1116 770 formem,
1139 701 1168 754 et
1198 697 1228 756 3.
1253 690 1372 754 tandem
1396 707 1528 752 eonsue-

164 793 284 856 beretun
314 827 358 842 -··
393 799 435 858 ite
468 796 613 879 distingui
649 802 730 879 pueei
763 807 832 860 eunt
861 799 948 878 tudo,
981 809 1050 881 poet
1079 803 1203 862 missum
1233 797 1301 860 iinc
1340 794 1459 878 quidem
1488 813 1528 860 ex

166 901 301 972 Romani,
326 908 358 964 ut
372 907 592 984 supereminere
615 911 747 966 coeterae
762 923 834 966 om·
860 915 944 987 porto
975 905 1095 988 popuii,
1126 902 1238 969 oroodt'
1272 921 1328 984 pro
1357 899 1528 983 defunctio,

166 1023 221 1069 noe
243 1005 410 1087 videretur,
441 1027 478 1072 ne
502 1008 599 1072 iideiis
622 1010 747 1092 populus
769 1027 831 1073 ex·
859 1011 1021 1076 indevoto
1045 1033 1082 1077 ex
1115 1019 1200 1096 porto
1223 1007 1390 1073 sucerdotis
1412 1025 1527 1088 oeper-

165 1119 247 1175 ternu
278 1111 331 1176 iiio
360 1113 538 1180 excellentia
571 1117 663 1180 veiuti
691 1116 831 1181 invitatus
855 1119 951 1205 petudi
972 1119 1091 1183 interim
1110 1114 1219 1198 fideles
1241 1135 1325 1200 aqua
1349 1114 1522 1178 benedicio.

163 1227 251 1301 etque
264 1217 390 1295 iiieotue,
415 1217 482 1284 huid
494 1222 603 1286 misene
618 1227 718 1304 potine
731 1223 830 1288 inter-
859 1226 954 1312 Atque
977 1226 1045 1288 utne
1067 1236 1131 1304 est,
1165 1243 1218 1288 our
1239 1222 1393 1286 Ordioerii
1416 1221 1525 1302 nostri,

163 1343 231 1388 eeee
261 1327 384 1408 cupiens
412 1347 497 1414 quum
530 1327 593 1403 iiii,
625 1349 682 1394 unu
715 1337 829 1396 tontum
858 1342 1035 1416 perspectos
1073 1336 1209 1415 opprime
1246 1329 1389 1394 hebentes
1427 1331 1526 1410 porti-

163 1432 236 1495 iore
271 1433 308 1496 ud
332 1433 487 1498 eooiesiom
511 1437 679 1508 oondoenet,
703 1441 828 1502 tuotone
859 1438 974 1504 ouleres
1003 1438 1070 1502 iiius
1100 1457 1226 1516 unusne,
1259 1455 1332 1520 quoe
1355 1433 1524 1516 prnediotou

161 1539 243 1602 iton-ie
264 1543 405 1623 tempium
429 1539 599 1626 relinquens
622 1560 756 1612 vueuom.
858 1567 928 1610 mus
955 1551 1054 1609 minus
1083 1565 1139 1627 pro
1168 1541 1238 1608 eiii·
1267 1541 1344 1607 ionis
1369 1559 1524 1605 commen-

856 1652 938 1730 dent,
963 1671 1016 1715 eoo
1040 1671 1186 1737 nunqunm
1210 1655 1241 1714 in
1263 1649 1396 1732 propriis
1419 1651 1524 1711 moni-

844 1762 896 1823 'tis
919 1779 935 1822 e
957 1763 1023 1822 eois
1046 1758 1234 1824 dioecesum
1258 1758 1301 1821 uti
1328 1753 1440 1818 ebusus
1461 1773 1523 1818 vo·

855 1864 964 1930 luerint
987 1873 1132 1938 extorres.
1157 1860 1231 1927 litet
1254 1863 1335 1926 edite
1357 1860 1413 1923 ione
1435 1859 1473 1924 de
1487 1880 1521 1923 re

813 2009 818 2016 -
855 1971 972 2037 decretu
996 1975 1029 2039 S.
1053 1971 1089 2038 R.
1123 1970 1158 2035 0.
1186 1970 1226 2033 ite
1259 1987 1325 2032 oum
1355 1969 1435 2032 clero
1465 1986 1521 2032 eoo

855 2079 1101 2144 eommunimrint
1129 2075 1181 2162 1),
1211 2087 1243 2140 ut
1272 2081 1299 2138 is
1331 2071 1430 2139 utilem
1462 2073 1521 2138 sibi

854 2191 984 2270 potuerit
1019 2205 1119 2250 eornm
1156 2201 1329 2266 comperero
1374 2181 1520 2260 notitiem,

853 2302 943 2378 prout
972 2292 1039 2358 iuse
1068 2313 1086 2356 e
1117 2289 1205 2357 nobis
1242 2299 1395 2356 ostensum
1428 2307 1521 2371 eopne

852 2402 921 2465 init.
946 2397 981 2484 ²)

920 2503 1121 2572 iixiiomonin
1137 2505 1241 2570 usiboe
1256 2513 1353 2568 nutem
1369 2503 1520 2584 supienter

853 2611 1032 2678 ePutriios
1062 2612 1179 2674 desumi
1209 2629 1344 2676 normam
1372 2608 1411 2672 ud
1433 2629 1520 2674 oom-

854 2718 1009 2802 poneudue
1024 2719 1105 2792 lites,
1128 2715 1205 2782 eiiue
1226 2715 1289 2802 jem
1312 2716 1519 2798 exposuimus.

853 2825 973 2912 Videsie
1002 2824 1191 2888 ooroiinrium
1213 2822 1265 2886 111.
1297 2823 1417 2905 suepiue
1449 2819 1520 2886 leu-

853 2933 916 2996 dnti
937 2931 1019 2996 tertii
1043 2934 1152 3013 oepitie
1177 2930 1293 3012 prioris
1314 2929 1409 3012 partie
1430 2925 1519 3014 hujus

851 3043 950 3104 noeiri
972 3039 1186 3104 commentarii.

919 3145 1082 3212 Coronidis
1104 3147 1200 3228 gretie
1225 3141 1311 3230 juvet
1332 3143 1381 3206 hio
1404 3139 1464 3205 iooi
1487 3147 1518 3205 et

851 3251 924 3315 iilud
947 3251 1094 3337 udjinere,
1116 3250 1182 3316 inili
1204 3271 1290 3334 quam
1314 3248 1362 3333 qui
1385 3251 1517 3312 maxime

850 3357 923 3424 ilios
945 3360 1130 3424 rubricarum
1153 3361 1332 3440 magistros,
1363 3357 1412 3443 qui
1434 3354 1517 3439 legi-

850 3469 952 3530 timum
976 3487 1096 3550 eumque
1111 3484 1227 3530 -nou
1250 3463 1388 3529 obeunte
1408 3465 1516 3545 parii,

850 3569 955 3637 eulott'
975 3575 1006 3637 S.
1032 3573 1067 3636 R.
1092 3571 1126 3637 C.
1151 3573 1358 3636 decreto-n
1379 3572 1515 3638 Romano

849 3679 992 3743 Pontifioe
1038 3677 1206 3762 privilegiis
1250 3690 1384 3744 orontem
1427 3699 1514 3744 uon-

848 3785 994 3850 nuiiorom
1040 3783 1231 3851 ecelesiarum
1273 3787 1513 3850 consuetudinem

846 3895 961 3957 orondt'
987 3893 1126 3978 puoit'dt'e
1152 3913 1209 3974 pro
1246 3893 1409 3974 defunctio
1443 3902 1514 3976 poet

847 4007 972 4066 missum
996 4001 1238 4087 oeperpendt'pue
1265 3999 1406 4083 populum
1428 4019 1512 4084 aquo

844 4108 1005 4174 benedicio
1029 4107 1095 4172 ideo
1108 4087 1220 4171 uellent
1242 4112 1321 4170 inter
1335 4107 1443 4172 ebusus
1456 4129 1511 4171 ne-

846 4219 1005 4286 comitam,
1030 4215 1107 4298 quod
1128 4233 1161 4278 ee
1185 4216 1229 4276 uio
1244 4213 1356 4277 misene
1371 4218 1413 4278 sit
1427 4219 1512 4280 unito

846 4323 1075 4410 conjuncteque,
1111 4331 1142 4386 ut
1172 4323 1340 4405 unumquid
1370 4323 1510 4386 constitui
1569 4324 1583 4346 “

703 4508 707 4516 ¹
846 4431 1001 4511 cumipse
1029 4428 1213 4513 proindeque
1239 4433 1431 4493 mutationem
1453 4449 1510 4494 ue·

844 4609 1057 4625 ψ

880 4723 907 4786 ¹)
926 4721 999 4772 cont.
1030 4723 1140 4772 Coieted.
1166 4723 1337 4787 Lunemburg.
1369 4737 1411 4775 en.
1440 4723 1508 4777 18⁶2

926 4813 959 4861 ed
982 4811 1027 4864 ui.
1046 4811 1133 4864 iiuriii
1157 4813 1198 4862 ubi
1223 4813 1265 4863 eii.
1289 4817 1360 4866 deor.
1387 4817 1412 4865 S.
1431 4815 1458 4866 ii.
1477 4815 1507 4869 C.

925 4899 968 4950 ui.
986 4899 1037 4951 dui.
1060 4901 1134 4952 ioue.

878 4993 906 5059 2)
924 4995 986 5061 cop.
1005 4997 1045 5050 iv,
1064 4997 1163 5060 prioris
1181 4999 1275 5062 pontu.
