3302 5224
136 187 212 289 tQ⁰

133 376 358 459 congregationi
379 371 463 439 Bulia
485 370 575 437 Siste·
594 372 665 441 PP.
696 372 726 435 V.
750 370 855 437 voluit.
900 372 1010 437 Verum
1033 380 1121 435 astae
1141 370 1307 453 prudentia,
1321 367 1491 452 tardatique

132 482 191 577 siri
208 483 343 569 justique
364 501 464 545 rerunt
487 482 699 559 aestimatoria,
732 476 779 545 vel
802 479 950 560 suspicui
974 475 1091 553 roiam(
1105 496 1263 574 supremos
1284 468 1356 541 ilios
1373 476 1493 564 judiees

3 633 8 643 ·
132 611 201 654 reos
222 593 341 671 seipsos
363 609 417 671 per
440 588 591 651 decretum
613 606 701 669 agere
724 583 911 669 neglectique
932 587 1066 649 munais
1087 586 1212 649 erimine
1233 587 1409 669 Augustum.
1425 583 1492 651 uo-

132 716 252 761 manum
281 715 389 758 nomen
419 696 452 757 in
480 695 593 777 seipsis
626 688 742 775 publice
769 693 928 756 damnaret
967 691 1006 757 Et
1030 690 1207 756 veniendum
1230 702 1328 759 uruca
1350 700 1430 755 earet
1450 689 1489 757 ad

55 856 57 859 .
132 802 208 871 hane
238 799 495 884 complexionem,
525 804 552 867 si
581 819 675 883 capax
704 799 790 863 datae
817 799 1017 865 enarrationis
1039 797 1223 865 moratae
1248 800 1284 865 S.
1309 797 1345 862 a
1368 797 1404 862 0.
1437 817 1491 859 re-

133 913 261 993 sponsio
283 910 370 974 toret.
400 890 592 992 'Quicunque
614 909 692 971 enim
715 908 860 990 ineausa
885 914 974 989 esset,
996 923 1049 971 our
1071 905 1220 971 contraria
1242 904 1362 970 decreto
1382 901 1493 971 alieubi

133 1020 240 1100 ugera
271 1017 451 1091 cousuetudo
482 1037 542 1083 non
572 1015 785 1097 abrogaretur,
813 1015 1018 1079 innotarum
1040 1009 1326 1096 leguntvioiatora
1350 1010 1493 1079 Patribus

131 1122 347 1189 traduceretur.
698 1182 703 1193 ,
1420 1174 1428 1200 „

265 1235 319 1301 to.
367 1226 453 1310 Quod
485 1230 513 1292 si
541 1230 588 1291 oui
618 1227 690 1291 haee
718 1221 993 1293 minua'arrideaat
1014 1226 1238 1309 mensionequo
1260 1226 1417 1291 videantur
1438 1227 1491 1289 iu·

133 1338 239 1421 digna,
269 1341 298 1401 is
328 1338 388 1399 eibi
415 1333 608 1419 persuadeat,
638 1354 755 1399 samm
785 1336 847 1399 Bit.
878 1333 1146 1417 congregationem
1168 1332 1341 1414 eewrdpro
1363 1332 1493 1414 turpiter

133 1446 283 1509 committi
303 1446 340 1508 ab
363 1446 408 1515 iis.
430 1442 483 1525 qui
506 1439 683 1519 iissentc’rcr'
703 1441 813 1505 decreti
836 1441 912 1505 hano
934 1460 1003 1504 case
1025 1451 1202 1522 potestatem
1218 1438 1375 1504 affirmant.
1421 1437 1492 1505 Nou

132 1553 210 1617 enim
241 1552 367 1619 obscure
398 1559 512 1615 tantum
539 1568 597 1628 per
624 1568 709 1613 auant
736 1548 843 1629 agendi
874 1553 1020 1611 rationem
1048 1547 1282 1629 odotgottcaoit,
1318 1542 1409 1611 aliam
1431 1543 1494 1609 sibi

132 1647 218 1741 quana
250 1655 431 1722 adversariis
460 1654 591 1718 insidere
619 1665 762 1733 urentem,
792 1664 881 1736 prout
904 1654 1054 1736 hueusque
1078 1654 1293 1731 amandinus,
1324 1650 1492 1729 nodedum

131 1775 233 1847 aperta
255 1767 330 1828 eatis
351 1764 442 1827 verba
465 1757 605 1844 protulit,
627 1781 701 1843 quoe
716 1764 864 1825 coenaria
884 1760 972 1843 piane
995 1759 1136 1825 adversae
1151 1760 1391 1842 interpretationi
1405 1767 1490 1821 aunt.

131 1868 199 1935 Non
229 1891 318 1952 posse
347 1869 466 1933 decreta
495 1888 547 1930 soa
577 1870 679 1931 omniu
708 1867 832 1931 extendi
860 1870 898 1931 od
928 1867 1003 1933 alias
1034 1867 1188 1933 dioeceses
1218 1865 1351 1950 aliosque
1375 1875 1488 1937 coatus.

132 1979 205 2061 quc'n
225 1980 317 2057 pn'ur
339 1976 466 2039 traditur
489 1973 537 2055 ar,
552 1976 652 2055 ipram
671 1976 774 2057 fuerit
795 1994 944 2041 recursus
966 1975 1064 2039 edixit
1084 1975 1138 2038 suh
1165 1981 1215 2041 11.
1232 1973 1383 2055 Septemb.
1405 1977 1487 2040 1817

131 2085 164 2146 in
186 2080 431 2167 Argeiopolttun.
456 2082 492 2143 ad
520 2090 570 2148 16.
594 2102 660 2145 errat
684 2084 866 2164 interrogata
894 2085 926 2145 ia
953 2101 1061 2164 genere
1090 2089 1170 2145 esset
1199 2080 1237 2144 do
1265 2078 1420 2161 obtundi
1449 2078 1488 2152 vi,

132 2209 188 2273 quta
222 2189 370 2271 praeditus
395 2209 460 2252 esse
490 2187 579 2252 vellet
609 2209 679 2253 stans
712 2188 803 2272 leges.
867 2193 942 2267 Ast,
981 2190 1098 2253 ubinam
1136 2188 1300 2269 exoogtart
1337 2191 1492 2269 opporttto

130 2296 228 2382 major
249 2306 300 2359 ant
323 2296 393 2375 fingi
417 2314 515 2376 pugne
539 2294 642 2358 durior
663 2307 764 2376 potest
786 2317 872 2381 quam
895 2298 972 2360 inter
993 2297 1065 2359 haee
1088 2296 1160 2359 door
1185 2293 1252 2357 Fae
1275 2292 1334 2357 cru
1353 2290 1488 2373 amptius

129 2421 190 2466 non
214 2408 278 2478 ert,
300 2403 390 2485 arqui
410 2402 667 2477 consuetudinem,
688 2399 820 2467 rimulae
840 2402 937 2468 lictum
958 2407 1068 2467 eontra
1090 2422 1157 2466 eura
1178 2405 1228 2467 ert
1249 2434 1295 2453 -·-
1316 2403 1410 2465 etium
1429 2418 1488 2481 pro

130 2506 193 2573 rtr'o
216 2510 281 2573 Ioco
303 2544 347 2555 -
369 2508 542 2583 decretum,
572 2515 603 2574 et
631 2511 685 2573 troc
707 2508 815 2573 aaut:
845 2509 992 2585 Quamuis
1010 2511 1185 2591 prorere'pto
1207 2505 1324 2573 alieubi
1343 2511 1388 2571 rr‘t
1409 2527 1490 2575 eoa-

128 2617 279 2697 suetudo,
303 2614 443 2680 riticitom
467 2619 567 2679 tamen
590 2620 639 2680 eet
654 2614 745 2681 αἰῶ·
730 2634 765 2681 ιιι
783 2614 848 2682 loeo
870 2615 910 2680 ad
924 2616 1031 2683 radent
1047 2616 1199 2692 recedere,
1220 2614 1367 2699 pwmdiu
1378 2615 1490 2697 purti-

130 2719 282 2793 cutrntrr
311 2723 353 2787 od
381 2741 408 2786 a
438 2721 470 2785 C
499 2742 662 2789 recurrere
688 2722 714 2801 ἰ
744 2743 806 2789 noa
826 2726 1023 2809 cognouerit,
1046 2722 1107 2790 cru·
1126 2742 1242 2808 proque
1263 2740 1332 2787 erre
1351 2740 1408 2804 per
1426 2720 1491 2786 re-

131 2836 247 2896 cretam
269 2827 362 2913 legem
384 2831 566 2912 rinporc'trrm

263 2938 374 3003 Eodem
397 2939 476 3000 euim
498 2947 632 3019 tempore
655 2958 744 3003 unum
767 2936 968 3023 eundemque
972 2956 1056 3003 cuum
1084 2946 1117 3003 et
1137 2955 1257 3003 sonare
1280 2946 1310 3000 ot
1330 2936 1437 3018 iugero
1458 2935 1493 2999 in

129 3047 220 3129 praxi
244 3044 366 3109 deberes
388 3063 427 3108 ex
450 3043 515 3127 lege
538 3042 669 3107 Petrum

265 3157 316 3217 rt.
362 3151 445 3214 Haeo
475 3152 589 3230 omnia,
620 3170 693 3233 quae
719 3154 900 3216 extrinsece
930 3113 1170 3232 interpretationi
1191 3157 1270 3225 suat,
1293 3145 1491 3231 proculdubio

131 3257 299 3333 artificiont·
330 3257 379 3319 sio
408 3277 480 3322 sero
510 3276 573 3321 esso
602 3266 744 3341 pergant,
774 3259 824 3341 qui
846 3258 1052 3340 refragentur,
1081 3259 1178 3339 ipsam
1200 3257 1424 3340 responsionem
1447 3254 1488 3320 ad

130 3369 274 3437 trutinant
297 3342 512 3439 revocabimus,
534 3366 820 3447 monstrabimusque
843 3361 1011 3443 unitatem
1034 3383 1093 3428 non
1109 3382 1188 3441 ease,
1209 3383 1283 3446 guae
1298 3363 1369 3437 dara
1383 3372 1492 3429 anum

129 3456 341 3554 praeposterae
364 3472 545 3552 expositioni
560 3472 700 3552 potuerit.
746 3472 820 3535 Rern
838 3469 886 3534 vel
911 3466 1017 3534 leviter
1039 3469 1244 3535 eonsidaranti
1265 3473 1296 3539 in
1317 3479 1424 3553 aperto
1448 3471 1494 3533 ait

130 3587 265 3659 oportet,
287 3578 474 3658 propositum
495 3596 554 3641 non
577 3595 645 3640 esse
661 3577 769 3640 ritibus
790 3577 907 3641 tuendis
921 3576 1083 3660 praefertis
1097 3575 1248 3651 Patribus.
1271 3578 1303 3642 in
1329 3578 1494 3661 praecitato

131 3666 310 3751 Trtuenttao
332 3681 443 3766 ptoeito
465 3684 604 3746 arbitrari
626 3683 662 3745 de
686 3685 789 3764 topice
812 3683 998 3765 decumum
1020 3680 1242 3764 amplitudine,
1270 3684 1325 3749 aad
1346 3702 1365 3751 e
1386 3693 1493 3753 eontra

24 3804 30 3817 ’
131 3791 169 3855 da
192 3794 363 3859 intrinseco
386 3790 520 3872 ipsorum
543 3786 696 3872 obligandi
719 3790 848 3855 efficacia
871 3809 906 3856 ac
928 3793 1011 3857 vi...
1056 3790 1127 3856 Non
1149 3790 1414 3870 enimdedniunt,
1450 3789 1493 3855 ad
1554 3778 1562 3797 ”

130 3917 269 3980 quasnam
293 3899 442 3963 dioeceses
465 3916 499 3960 se
521 3892 598 3960 latae
621 3917 639 3960 a
659 3898 692 3961 fl.
716 3894 752 3963 C.
775 3894 857 3980 leges
879 3897 1058 3977 exundante
1088 3918 1148 3962 non
1170 3906 1319 3977 ιιιιιιιιιιι,
1341 3917 1489 3982 quosnam

127 4024 181 4068 ore
202 4007 335 4069 virorum
365 4015 467 4068 coetus
498 4002 749 4083 complectantur,
779 4005 833 4072 sed
857 4007 967 4069 omissa
988 4006 1190 4071 controversia
1213 4005 1252 4069 de
1272 4003 1360 4073 locati
1382 4005 1518 4077 doura-2
1648 4072 1649 4079 p

129 4120 227 4175 torum
252 4113 429 4177 extensione
457 4146 502 4158 —-
530 4129 603 4193 quae
633 4108 752 4175 aliunde
781 4122 907 4187 eateet
938 4110 1085 4194 dirempta
1109 4145 1150 4159 -
1175 4112 1213 4177 de
1236 4114 1416 4196 proprietate
1438 4110 1494 4177 itta

125 4215 273 4302 judicium
301 4218 414 4290 ierunt,
447 4237 503 4300 qiua
531 4237 601 4293 eas,
631 4227 734 4300 utpote
764 4223 829 4281 reri
858 4223 987 4283 nominis
1007 4217 1117 4315 plegae„
1147 4216 1298 4301 praeditas
1336 4240 1403 4287 oeae
1419 4222 1493 4303 “ipsi

129 4325 317 4387 ostendimus
340 4325 497 4407 dicuntque
527 4326 570 4386 sio
593 4344 657 4388 esse
679 4334 851 4406 comparata
873 4326 1006 4393 Romana
1028 4325 1166 4407 decreta,
1198 4337 1229 4391 ut
1257 4347 1312 4409 por
1334 4346 1368 4390 ea
1391 4330 1493 4399 omnia

130 4433 281 4495 contrario
310 4431 493 4495 consuetudo
520 4428 634 4495 stubiota
668 4436 783 4501 censeri
813 4431 928 4499 uotoot.
974 4432 1035 4497 Sed
1059 4433 1200 4497 ubinam?
1227 4439 1259 4498 in
1285 4436 1323 4498 iis
1343 4453 1387 4498 so.
1402 4433 1493 4514 locis,

127 4554 184 4617 pro
208 4536 314 4619 quibus
337 4522 456 4601 decreta
478 4558 545 4601 esse
567 4537 628 4601 lata
650 4535 769 4603 alicunde
788 4538 853 4624 jana
876 4548 958 4607 eerro
975 4549 1105 4607 constat.
1151 4539 1382 4621 Corrcpreteaat‘e
1404 4562 1491 4624 ergo,

128 4650 161 4704 ut
190 4641 421 4707 Dialectieorum
449 4647 586 4709 terminis
613 4654 743 4719 namur,
772 4665 831 4710 non
857 4655 954 4713 autent
985 4647 1171 4711 decretorum
1196 4650 1338 4721 retentio
1364 4650 1520 4721 materia.

129 4792 345 4810 μ

185 4848 209 4916 ¹)
233 4850 437 4905 temnendos·
466 4858 496 4906 ta
517 4859 686 4935 porrectiori
709 4858 783 4920 atuor
807 4859 900 4911 Patres
931 4864 1000 4912 tnett
1016 4862 1169 4931 Argeiopot.
1195 4860 1265 4915 eonf.
1284 4877 1350 4931 quae
1367 4869 1492 4959 saperius

236 4937 300 5001 cap.
318 4938 361 4991 tlt:
379 4954 409 4993 n.
425 4944 466 4994 27.
486 4946 520 4995 do
538 4946 588 4998 hoo
606 4950 711 4999 terreto
729 4940 888 5003 atrinna'
