3346 5216
391 323 423 378 ut
453 312 599 379 nullitatis
629 317 777 378 sententia
805 313 933 387 lerator,
962 311 1090 376 tribunal
1122 310 1338 377 matrimoniale
1379 313 1490 378 certius
1521 323 1591 379 anta

389 405 487 466 omnia
509 422 542 467 se
563 403 684 474 reddat,
709 404 753 465 nii
774 403 958 465 immutatum
980 420 1048 465 essa
1069 402 1165 485 qaoad
1185 402 1276 473 ianm,
1300 420 1341 465 ex
1358 400 1465 485 quibua
1486 406 1591 486 impo-

389 497 512 557 tentiam
535 494 729 556 verisimilem
752 500 782 553 et
802 494 970 571 respective
992 492 1216 554 matrimonium
1238 490 1370 554 nondum
1393 510 1590 557 sumamma-

389 591 450 644 tum
474 601 540 643 esse
563 579 764 662 colligeretur.
810 580 869 643 llis
891 581 1020 661 peractis
1043 578 1222 664 conjugibus
1242 577 1378 662 permitti
1406 588 1523 662 pond,
1558 580 1591 646 a't

388 671 596 751 impotentiam
620 669 723 734 adesse
741 667 940 756 jurejurando
963 678 1152 746 attestentur,
1175 680 1205 733 et
1227 662 1307 733 istud
1330 670 1447 751 plenam
1473 671 1590 753 proha-

388 760 501 822 tiouem
524 759 624 823 elicit.

918 1132 948 1214 r,
983 1135 1055 1197 irc.

239 1237 369 1298 Quaenam
454 1235 600 1303 Absoluta
623 1258 764 1323 processu
778 1238 953 1319 probatorio
975 1233 1118 1320 conjuges
1138 1236 1350 1321 etquicunque
1364 1243 1588 1307 matrimonium

230 1310 588 1406 ¹¹¹'‘⁸¹¹⁸²'adoussverit‚
619 1346 673 1392 nec
704 1348 763 1394 uon
790 1326 932 1391 defensor
960 1327 1141 1393 matrimonii
1169 1336 1346 1405 monmutur
1374 1328 1411 1391 de
1429 1349 1492 1407 eo,
1527 1349 1588 1413 quo

141 1408 153 1419 -
248 1383 362 1432 tionibus

229 1414 507 1503 mmmpolleut
524 1414 604 1499 jure,
627 1418 824 1501 initurusque
847 1425 912 1479 aeta
927 1414 1191 1479 animadvertendi
1235 1414 1444 1499 Exceptioues,
1467 1417 1497 1481 si
1511 1438 1589 1502 quas

248 1525 361 1587 manaa.
386 1506 529 1583 habeant,
564 1509 644 1569 intra
679 1506 831 1570 octiduum
865 1512 1043 1587 proponant.
1100 1503 1224 1567 Ratione
1262 1504 1410 1571 domicilii
1439 1511 1588 1575 lutam

383 1594 554 1659 habentium
584 1596 729 1659 terminus
757 1592 892 1678 protrahi
922 1601 1038 1675 potest,
1071 1593 1113 1656 ita
1141 1601 1255 1673 umen,
1286 1603 1318 1657 ut
1348 1592 1462 1681 major,
1495 1615 1587 1680 paam

384 1682 550 1749 necessaria
571 1688 630 1769 sit,
654 1703 739 1749 mora
762 1703 822 1748 non
846 1683 1034 1747 concedatur.

914 1880 944 1959 s.
977 1882 1051 1963 ur.

450 1984 488 2047 Et
514 1981 643 2047 tribunal
673 1981 892 2047 matrimoniale
921 1994 950 2047 et
981 1983 1161 2048 matrimonii
1184 1982 1326 2049 daieaaor
1347 2003 1387 2049 ex
1409 1984 1511 2053 elicio
1533 2007 1586 2051 aaa

245 2108 255 2119 ·-
405 2082 511 2137 essunt
540 2072 680 2139 ordinare
703 2071 967 2154 investigationes,
998 2091 1071 2156 quae
1102 2071 1141 2136 ad
1166 2072 1363 2154 procerum
1387 2075 1482 2157 quoad
1506 2095 1586 2158 pro-

266 2192 271 2199 =
381 2093 519 2226 lotiones
544 2159 749 2245 complendam
774 2164 963 2227 necessariae
985 2161 1064 2243 ipsis
1087 2161 1235 2227 videntur.

921 2269 951 2351 a.
978 2271 1050 2335 irs

240 2374 373 2425 maianus
451 2375 617 2458 Antequam
645 2380 794 2439 sententia
819 2375 947 2453 seratur,
978 2374 1109 2436 tribuual
1130 2370 1350 2437 matrimoniale
1371 2392 1422 2455 aa,
1454 2379 1484 2439 iu
1508 2396 1586 2458 quae

238 2446 368 2578 3¹¹5ssss
385 2463 568 2527 decernenda
595 2466 762 2536 consensit,
792 2462 939 2546 Episcopo
967 2460 1117 2548 adjunctis
1144 2467 1293 2525 rationum
1323 2469 1482 2528 mamantis
1504 2466 1584 2528 suli-

239 2593 280 2637 m
295 2590 361 2638 w„
379 2551 484 2638 jioiet3
515 2558 564 2635 qui
594 2554 709 2637 quaudo
740 2558 918 2616 sententiam
940 2551 1092 2615 forandam
1124 2550 1201 2614 laud
1222 2551 1406 2616 sufficienter
1427 2554 1584 2619 iondatam
1642 2594 1647 2599 -

235 2658 363 2719 ituenda.
383 2661 448 2706 essa
471 2651 606 2724 censeat,
639 2639 782 2706 tribunali
805 2639 1015 2704 matrimoniali
1038 2637 1188 2725 injunget,
1217 2650 1251 2703 ut
1276 2644 1513 2707 mrumstantias
1543 2646 1583 2708 ab

352 2733 448 2813 ,ipso
477 2730 651 2794 indicandas
679 2730 776 2795 denuo
805 2738 920 2793 mature
948 2731 1113 2812 perpendat
1142 2722 1172 2794 et
1197 2726 1235 2791 da
1257 2731 1504 2795 mussitationem
1528 2754 1583 2797 re-

384 2821 494 2885 sultato
517 2821 557 2884 ad
579 2825 678 2902 ipsum
700 2820 822 2884 reierat.

910 3015 943 3096 S·
969 3017 1042 3082 tit.

220 3118 384 3184 aelisam
452 3119 622 3202 Appellatio
645 3116 829 3184 admittenda
850 3127 914 3199 ort,
946 3118 1041 3183 donea
1063 3118 1246 3184 matrimonii
1268 3118 1409 3187 validitas
1429 3140 1487 3206 par
1507 3124 1582 3188 dms

218 3191 433 3313 ffliffiaut
462 3208 528 3293 ejus
557 3206 732 3274 invaliditm
759 3228 813 3291 per
841 3218 902 3271 tres
928 3212 1092 3273 munuum
1123 3210 1292 3275 conformes
1313 3213 1503 3294 pronuntiata
1523 3216 1582 3280 stt(

244 3335 354 3384 „nm
382 3297 506 3362 Duabim
529 3299 687 3362 sententiis
708 3318 764 3380 pro
779 3299 968 3363 matrimonio
987 3307 1018 3361 et
1032 3297 1146 3363 dubus
1161 3310 1267 3364 aunan
1279 3297 1358 3365 illud
1373 3300 1575 3376 militantibus,

226 3394 372 3468 reintratu-
381 3392 599 3452 matrimonium
620 3408 678 3471 pro
699 3388 798 3451 aalide
819 3386 979 3451 tenendum
1002 3396 1056 3450 est.

272 3482 325 3527 tur.

914 3551 945 3630 s.
975 3552 1048 3617 rou

217 3651 332 3718 negat„
346 3659 379 3707 aa
445 3652 546 3717 Prima
581 3657 724 3718 instantia
759 3658 938 3718 sententiam
972 3672 1030 3736 pru
1059 3653 1241 3716 matrimonii
1271 3652 1424 3718 validitate
1450 3652 1579 3734 lanata,

217 3725 599 3849 ⁸⁹¹21¹b¹¹²l=¹i⁸mitrimouium
637 3760 782 3805 accusans
820 3743 859 3805 ad
895 3741 1054 3806 meandum
1075 3742 1250 3805 instantiam
1276 3741 1430 3825 appellare
1465 3746 1577 3823 puteat.

380 3826 496 3911 Quodsi
522 3829 663 3895 validitas
694 3836 724 3894 in
757 3832 889 3896 secunda
917 3832 1062 3895 instantia
1092 3831 1297 3911 eoniirmotur,
1329 3830 1412 3895 nulla
1447 3830 1579 3913 amplius

376 3921 549 4001 pmvoeatio
574 3917 671 3984 locum
693 3919 792 3985 tabet.
835 3921 872 3984 Si
894 3918 1114 3985 matrimonium
1147 3922 1179 3982 in
1201 3920 1333 3984 secunda
1356 3922 1496 3984 iuuantis
1520 3940 1580 4003 pro

375 4007 508 4072 invalido
537 4009 718 4081 declaratur,
757 4012 941 4074 matrimonii
970 4007 1121 4072 defensori
1148 4008 1309 4088 incumbit,
1344 4026 1382 4074 er
1414 4011 1514 4074 nidum
1536 4012 1577 4073 'ad

366 4100 492 4179 ‚tertiam
521 4118 687 4179 provocare
717 4101 900 4163 instantiam.
957 4100 992 4163 si
1019 4098 1108 4160 tertia
1137 4101 1280 4161 instantia
1308 4119 1366 4181 pra
1393 4096 1583 4163 matrimonii

374 4187 478 4249 valore
488 4184 619 4271 judicat,
643 4188 767 4252 ulterior
775 4188 851 4251 haud
864 4188 979 4251 obtinet
993 4183 1165 4269 appellatio.
1200 4182 1326 4265 Quando
1349 4197 1447 4253 autem
1469 4196 1577 4251 eontra

374 4274 506 4340 valorem
530 4277 683 4360 decernat,
707 4277 850 4343 defensor
872 4275 1053 4340 matrimonii
1076 4276 1293 4357 pataredebet,
1316 4286 1349 4341 ut
1372 4285 1476 4363 quarta
1495 4294 1576 4341 eou-
1635 4320 1637 4349 ,

373 4369 514 4429 stituatur
536 4369 690 4443 instantia,
712 4386 766 4448 pro
789 4364 873 4450 cujus
895 4362 1043 4429 sententia
1057 4364 1280 4433 matrimonium
1302 4365 1351 4431 val
1372 4366 1502 4453 validum
1524 4363 1578 4431 rel
1635 4434 1636 4455 ,

376 4450 543 4517 invalidum
565 4465 716 4536 reputetur
738 4462 866 4538 oportet.

905 4652 936 4732 S·
963 4655 1036 4718 181.

441 4748 475 4811 st
497 4751 593 4832 prima
615 4752 756 4814 instantia
777 4757 998 4819 acarnaniam
1019 4752 1184 4819 invalidam
1207 4757 1352 4832 declam
1391 4756 1577 4821 matrimonii
1633 4754 1634 4791 ³

373 4835 515 4901 defensor
537 4857 576 4903 ex
598 4839 699 4903 oiioio
721 4839 872 4921 appellem
887 4844 982 4907 dabat·
1028 4844 1063 4907 st
1085 4843 1406 4911 mensurnorum
1423 4843 1573 4932 judittam
1632 4886 1633 4911 r

373 4926 486 5006 pariter
505 4925 722 4992 insoliditatam
736 4932 924 5014 protanam,
946 4930 1086 4997 daiam
1099 4934 1300 5013 manimoaii,
1321 4938 1386 5000 arat
1397 4932 1580 5019 ,masan
