3346 5216
1436 150 1580 230 87·

131 345 286 411 tam
311 343 492 411 maort
516 346 568 421 et,
595 341 694 410 Ne&
717 343 808 429 peter
828 340 1000 422 Mra,
1030 344 1213 410 medat·
1238 342 1267 424 ⁸)
1311 344 1396 411 utut!
1418 364 1491 430 erga

128 452 208 516 vidua
230 470 249 514 a
271 453 394 517 Summo
414 451 560 516 Pantibee
581 453 814 535 praescriptum,
845 451 922 516 nibil
942 471 962 513 a
984 451 1225 535 Congregatioue
1245 452 1387 529 demum,
1410 456 1490 537 quod

127 557 293 642 epuitmle,
314 558 394 642 quod
414 566 554 622 eandam
569 577 631 622 uon
645 561 697 638 rit,
719 557 810 638 nibil,
832 560 911 640 quod
932 558 1094 623 adoulturo
1110 559 1242 623 diuinum
1257 580 1316 624 noa
1332 561 1490 647 referatur,

126 665 200 731 nibil
221 666 262 729 de
286 686 344 749 quo
365 664 494 747 proinde
511 664 659 751 juditium
678 656 894 728 eededaetiaie'
908 664 1117 746 Superioribus
1140 686 1200 733 uon
1217 676 1376 749 rumpent.
1420 668 1490 732 tid-

125 773 303 838 urribeudae
318 773 413 854 igitur
428 771 563 835 rubriaae
574 772 616 835 iia
630 770 753 853 regulis,
777 791 851 854 quae
862 773 941 834 eirea
963 790 1027 833 reru
1039 775 1262 857 murmurque
1277 776 1491 854 competentem

123 900 142 942 a
164 877 306 961 legitirm
320 880 481 961 &periore
503 878 632 943 indictae
652 877 789 959 lataeque
803 877 932 942 subditis
949 887 1029 957 eunt,
1052 880 1129 943 unde
1149 880 1238 943 etiarn
1261 900 1298 944 ex
1322 881 1378 947 boe
1394 884 1490 965 eapite

125 984 204 1051 uilril
227 983 364 1068 impedit,
387 984 545 1067 quoariuua
565 985 598 1049 in
620 983 721 1049 album
743 987 866 1066 proprie
888 985 1032 1049 donnum
1054 983 1151 1067 legent
1178 987 1355 1050 reserantur.
1481 1016 1485 1027 ·

261 1115 296 1176 7.
342 1110 375 1173 si
404 1108 472 1193 quie
502 1108 622 1172 taudem
651 1110 824 1191 dignoscere
852 1107 942 1185 velit,
971 1118 1069 1172 utrum
1093 1109 1267 1189 Superiores
1298 1108 1491 1174 ecelesiastici

120 1218 240 1283 renim
259 1214 450 1282 voluptutem
470 1215 615 1288 seruiat,
637 1214 791 1297 obligandi
812 1218 844 1279 in
861 1217 1045 1279 couscientia
1061 1216 1197 1279 subditos
1220 1218 1251 1279 in
1266 1216 1398 1281 lerendia
1412 1238 1490 1301 pro-

121 1324 355 1421 uulgaud'nqqe
377 1320 515 1401 rubricis,
537 1325 656 1405 inipso
679 1321 834 1405 pervolvat
849 1330 1056 1395 interamenta,
1082 1325 1186 1405 quibua
1197 1325 1400 1407 praescriptae
1413 1343 1491 1387 eou-

120 1434 320 1516 rignataeque
340 1438 430 1508 eunt,
458 1431 647 1512 invenietque
676 1427 770 1514 nibil,
800 1430 878 1512 qnod
906 1448 997 1512 grave
1025 1438 1076 1492 aut
1107 1431 1219 1492 serium
1242 1450 1302 1493 uon
1326 1428 1383 1509 eit,
1412 1428 1490 1496 nihil

121 1539 199 1623 quod
225 1539 337 1602 sathur
358 1535 438 1618 legia
461 1538 567 1600 atriete
589 1534 750 1619 obligantis
772 1556 845 1617 prae
868 1557 902 1600 ae
925 1556 985 1600 non
1007 1538 1094 1601 serat.
1120 1532 1152 1617 ²)

257 1645 306 1707 De
333 1640 574 1726 pmalpote'one
602 1642 720 1706 tandem
744 1662 804 1706 nou
827 1652 874 1705 eat
895 1662 949 1705 eur
969 1641 1055 1724 plura
1076 1642 1237 1721 addamus,
1262 1661 1328 1705 euru
1352 1641 1488 1708 rubricae

120 1751 233 1815 utum
263 1749 379 1834 aliquae
409 1768 503 1832 penes
529 1768 588 1813 noa
618 1752 676 1813 rite
705 1770 773 1813 ease
804 1749 1010 1831 promulgataa
1041 1746 1074 1835 ⁸)
1104 1769 1192 1813 nemo
1221 1768 1349 1832 unquam
1372 1750 1489 1814 iubetur

123 1859 224 1923 iverit
255 1852 289 1942 ⁴)
333 1857 408 1921 dure
440 1874 511 1938 ergo
539 1864 645 1921 nostro
674 1856 810 1920 videmur
836 1859 924 1921 nobie
948 1855 1116 1920 affirmasse
1138 1855 1347 1920 eoeleaiautiela
1370 1854 1488 1943 legibue

121 1966 320 2030 menri
340 1966 478 2029 rubricae
493 1966 601 2027 nerito
615 1980 706 2046 potae
721 1972 751 2027 et
764 1963 843 2027 nibil
857 1984 969 2042 eonem,
992 1982 1065 2046 quae
1080 1962 1118 2027 ad
1133 1982 1232 2026 reram
1249 1964 1489 2029 constituendam

122 2071 221 2157 legen
246 2076 447 2154 requirantur,
469 2073 500 2134 iu
522 2072 562 2134 iia
581 2070 758 2135 desiderari.
803 2052 971 2136 tit-etate
994 2090 1107 2153 quoque
1127 2076 1219 2135 staturi
1240 2078 1339 2152 puteat
1362 2089 1396 2133 ae
1417 2088 1491 2136 veru

121 2182 206 2244 atia-
228 2179 326 2242 debet
345 2178 404 2243 bre

255 2309 291 2370 8.
338 2298 559 2367 Cmudurr'aort:
593 2299 768 2377 Reddere,
802 2320 881 2386 quae
910 2320 981 2365 rere
1012 2297 1202 2378 telettum,
1232 2305 1266 2366 eir
1295 2300 1489 2369 consumta

120 2410 270 2498 utrque.
319 2410 353 2473 si
376 2412 456 2474 enim
479 2410 597 2474 confixa
619 2429 678 2473 aa.
694 2408 770 2472 Sede
792 2408 912 2473 illorum
936 2408 1072 2473 doctrina
1091 2408 1155 2496 jam
1171 2418 1215 2472 eet
1232 2406 1275 2494 ὅ),
1299 2413 1349 2494 qui
1368 2411 1488 2492 docent,
1542 2392 1548 2403 ¹

123 2520 219 2603 reapui
243 2538 263 2580 a
288 2516 402 2601 pupulo
424 2516 583 2581 saecularia
605 2516 753 2600 principle
776 2514 871 2599 legem
894 2512 991 2598 poaaess
1016 2525 1124 2600 quanto
1147 2515 1291 2602 rnajorern
1313 2517 1372 2581 sibi
1399 2518 1488 2585 dam-

125 2631 272 2691 nationem
314 2628 483 2709 acquirent,
519 2626 569 2707 qui
605 2642 735 2687 summae
769 2624 800 2686 in
836 2629 928 2687 terrie
966 2628 1050 2705 elque
1087 2625 1309 2687 seuerissime
1345 2626 1488 2706 potestati

130 2737 296 2799 mittunt?

252 2866 287 2926 9.
336 2855 479 2940 Equidem
495 2852 600 2933 uideo,
624 2856 674 2919 uui
699 2852 822 2919 alterive
836 2855 935 2917 minus
950 2856 1082 2918 arridere
1099 2854 1254 2918 deductam
1271 2874 1310 2921 ex
1326 2857 1488 2942 disputatis

139 2966 362 3049 tuuplexiouern
385 2982 500 3027 menon
532 2971 647 3026 erutum
676 2981 714 3026 ex
737 2962 794 3023 bae
817 2966 882 3043 ipaa
906 2960 1111 3043 complexione
1134 2960 1346 3045 corollarium3
1381 2946 1489 3029 timent

141 3075 210 3145 triu,
227 3094 265 3138 ue
292 3079 394 3137 stante
417 3068 536 3134 illorum
560 3088 632 3153 quae
651 3066 787 3133 stabilita
808 3075 879 3131 suut
902 3069 1027 3131 venitote
1045 3077 1075 3131 et
1095 3070 1153 3150 ipai
1167 3078 1321 3133 teneantur
1336 3072 1486 3153 inquirere

137 3184 290 3258 donnes,
319 3198 391 3261 quae
414 3178 479 3241 sire
500 3196 518 3239 a
541 3176 675 3241 Romano
697 3176 859 3252 Poutillue‚
882 3181 948 3240 aire
970 3196 987 3238 a
1009 3176 1041 3238 S.
1066 3175 1103 3239 li
1129 3176 1163 3240 C.
1187 3179 1292 3240 eivea
1316 3198 1486 3261 quoeunque

132 3284 181 3349 alio
201 3287 366 3373 superiore
388 3294 456 3348 nunt
480 3284 592 3359 editae,
615 3283 765 3347 rubricae:
788 3284 902 3360 timent,
930 3304 966 3347 ue
989 3292 1017 3345 et
1041 3284 1100 3365 ipsi
1122 3281 1291 3369 obligentur
1313 3285 1349 3348 ad
1366 3283 1484 3365 ,claram
1582 3322 1584 3327 >

127 3395 177 3458 ribi
207 3404 384 3476 certumque
414 3394 544 3456 omnium
575 3392 760 3456 decretorum
791 3393 927 3455 notitiam
957 3392 1200 3473 comparendum,
1231 3393 1306 3475 quod
1338 3393 1365 3454 si
1393 3390 1484 3456 semel

123 3501 344 3581 admitteretur,
373 3499 473 3587 ajunt,
505 3502 605 3582 eequis
629 3519 689 3563 uon
712 3499 810 3577 videt,
833 3501 938 3582 quibus
963 3500 1102 3562 tontinuo
1124 3518 1302 3581 angeremur
1324 3496 1483 3583 scrupulis,

123 3629 187 3691 quae
210 3608 395 3691 babylonica
417 3609 515 3671 omnia
538 3607 671 3671 turbaret
691 3606 840 3686 conluuio,
864 3626 935 3689 quae
959 3607 1078 3670 taudem
1102 3606 1233 3671 exitialis
1257 3610 1287 3670 in
1312 3609 1379 3691 ipso
1403 3605 1483 3673 oleru

120 3720 303 3781 exaltaretur
314 3716 489 3782 dissensio?
511 3714 596 3778 aedut
617 3732 690 3797 paee
713 3711 832 3777 illorum
848 3712 961 3785 diuam,
984 3717 1036 3781 isti
1059 3714 1116 3777 viri
1141 3715 1257 3794 timent,
1280 3717 1330 3778 ubi
1352 3736 1411 3780 non
1435 3723 1483 3779 eat

121 3825 217 3888 uuor.
274 3825 381 3889 Sciunt
408 3843 531 3905 namque
561 3841 683 3895 omnes,
715 3823 763 3904 qui
788 3821 870 3909 jurio
900 3821 1084 3905 prudentiam
1122 3820 1171 3886 vel
1202 3844 1218 3885 a
1248 3821 1349 3887 limine
1384 3820 1481 3887 solum

117 3928 307 4009 salutarunt,
338 3935 371 3997 r'n
394 3929 513 4011 duplici
532 3928 654 3993 omniuo
676 3931 803 3993 oereun'
821 3927 905 4014 Iepee
928 3929 1121 4012 differentur,
1151 3926 1225 3994 aliae
1246 3952 1288 3998 se.
1310 3951 1375 3993 eoae
1397 3928 1480 4013 leges

113 4122 334 4141 ω

165 4236 192 4305 ¹)
221 4236 311 4287 Verba
328 4240 392 4286 aaut
408 4236 479 4286 laud.
499 4234 606 4284 Cuuadt.
625 4234 689 4283 Strtt
708 4230 736 4286 Ρ.
754 4232 782 4284 P.
803 4232 832 4284 v.

165 4325 196 4392 ¹)
227 4325 304 4376 cunt
323 4326 429 4376 decreta
448 4325 474 4375 s.
492 4322 523 4376 li.
543 4321 583 4389 0.,
603 4325 631 4372 tu
649 4324 762 4385 quibua:
781 4325 895 4373 eerearr'
912 4323 997 4373 eotutt
1012 4330 1039 4373 et
1049 4320 1217 4375 mmduoit‘i
1235 4338 1260 4378 r.
1274 4336 1301 4387 g.
1319 4325 1347 4374 ta
1360 4320 1477 4377 liniant.

225 4409 269 4467 12.
288 4414 344 4465 ian.
366 4414 435 4465 ratu
455 4418 505 4464 ete.

282 4504 467 4572 „lluupuntea
484 4515 519 4554 ac
537 4503 662 4554 diruente
678 4497 910 4571 praecipientee.·‘
929 4501 992 4553 Plus
1011 4501 1054 4580 v„

164 4617 196 4679 ⁸)
222 4613 289 4663 rou
307 4613 402 4662 rubrio
420 4611 555 4663 breviarii
575 4616 601 4660 et
618 4610 730 4663 ulesalu
748 4608 863 4660 Romani.

164 4701 197 4770 ⁴)
217 4701 434 4753 Praeaetudtraua
453 4712 519 4762 ergo
537 4712 552 4749 a
567 4699 731 4763 quaestione,
750 4704 839 4749 utrum
856 4701 933 4763 leges
944 4699 1098 4750 Punttbetau
1111 4698 1230 4763 ringulae
1242 4698 1335 4750 tideleu
1348 4700 1475 4767 obligant,

226 4794 365 4853 utoquara
384 4793 413 4842 u·
426 4791 548 4855 iptorum
559 4789 722 4841 dueentem
735 4792 787 4838 rite
798 4788 899 4839 tuerint
916 4790 1105 4852 promulgatae.
1132 4788 1188 4861 cir.
1208 4789 1279 4840 intra
1296 4803 1318 4840 o.
1334 4787 1374 4840 Vi.
1392 4788 1476 4842 nii.

165 4881 195 4949 ⁸)
222 4879 339 4944 Ροριὶω
350 4894 405 4931 arou
420 4886 533 4948 peceat,
560 4882 670 4933 errrore
686 4879 787 4945 obem
804 4882 862 4931 utto
880 4891 966 4930 enarro
984 4892 1037 4929 oon
1054 4880 1188 4941 rupturae
1209 4883 1294 4945 uetur
1314 4894 1333 4932 u
1348 4881 1475 4947 principe

227 4973 438 5036 pronepotum.
473 4969 525 5021 lata
541 4968 746 5032 Proponunt
763 4970 796 5021 ab
813 4966 960 5020 Alexandro
976 4966 1019 5018 vii
1036 4968 1145 5017 domata
1293 4978 1298 4985 ·
1314 4956 1317 4963 ’
