3416 5222
1484 145 1537 242 is

179 353 363 444 mlqciiunc
385 357 498 438 fluent.
551 357 596 422 De
625 359 723 442 priori
751 355 840 444 lrnjua
869 359 1025 466 cprollarii
1053 364 1152 426 inciso
1179 359 1248 449 jure
1276 365 1391 426 moveri
1418 360 1538 428 dubium

179 470 296 548 nequit,
324 485 390 530 com
422 468 502 528 enim
532 464 745 530 contendentes
773 473 875 551 partes
904 487 992 551 agere
1023 489 1079 550 pro
1110 489 1166 533 suo
1192 467 1261 556 jure
1283 469 1343 532 sibi
1371 468 1538 547 videantur,

178 573 282 637 dtrimi
309 591 329 634 a
352 575 383 638 8.
407 572 444 638 ti.
468 569 502 638 G.
534 578 743 664 cputroversia
771 575 835 640 iere
864 593 1012 658 uunquam
1035 583 1156 659 posset,
1188 580 1259 658 quin
1280 580 1312 638 iu
1336 576 1537 641 offensionem

40 684 49 703 ⁸
177 684 290 764 prioris
323 684 420 760 partis
449 682 632 750 incurreret,
663 683 691 742 si
719 678 807 744 alteri
837 699 956 746 causam
984 679 1122 746 absolute
1146 681 1342 767 adjudicaret.
1386 676 1477 760 Quod
1500 701 1538 744 ne

177 785 239 864 fiat,
261 805 368 850 norma
389 784 548 868 quaedam,
579 793 794 869 contraquam
817 786 855 850 ad
878 787 968 852 altius
992 787 1124 852 tribunal
1146 791 1305 870 provocari
1328 796 1469 869 nequest,
1498 788 1538 850 ob

177 890 284 958 oculos
313 898 370 955 erit
398 891 538 954 Patribus
567 891 720 965 habenda,
760 899 792 956 nt
822 897 864 956 ita
893 894 1054 959 manifesto
1087 900 1202 960 cunctis
1233 902 1389 977 appareat,
1419 913 1453 958 se
1481 913 1539 973 pru

166 997 307 1079 justitio
330 994 445 1060 delatas
469 997 505 1060 sd
529 1016 562 1059 se
584 996 714 1062 idolium
738 1017 844 1064 causas
868 1019 1050 1082 cognoscere
1074 1005 1267 1084 cognitosque
1285 999 1432 1085 judicare.
1462 999 1537 1086 Ejus

176 1103 261 1168 modi
289 1111 386 1166 autem
408 1101 581 1186 judicandi
607 1123 739 1170 nummos
764 1107 854 1186 iprae
875 1125 946 1170 eme
967 1103 1147 1186 puid'cotoa
1170 1106 1241 1188 jum
1261 1103 1423 1180 cadmeae,
1452 1105 1538 1170 otim

174 1211 256 1276 doto
284 1228 435 1290 responsa
463 1216 659 1296 receptosque
690 1211 783 1277 urin
815 1233 886 1277 usus
918 1233 1005 1276 nemo
1029 1234 1090 1277 uon
1113 1214 1195 1279 videt
1225 1222 1254 1277 et
1277 1212 1335 1276 hoc
1358 1217 1536 1294 praesertim

174 1323 205 1382 in
237 1322 278 1381 iis
309 1322 542 1390 controversiis,
572 1316 611 1382 nd
641 1339 714 1403 quas
747 1320 930 1384 dirimendas
958 1323 1046 1383 certo
1075 1319 1232 1384 decidendi
1255 1323 1333 1382 ratio
1357 1319 1474 1384 desumi
1497 1339 1541 1406 cx,

176 1423 444 1489 consuetudinibus
459 1426 650 1488 ecclesiarum
667 1430 778 1508 nequit.
816 1427 900 1518 Unde
922 1446 982 1489 non
1006 1427 1096 1490 modo
1120 1425 1271 1508 carpenda
1291 1446 1353 1490 nou
1378 1435 1425 1489 est
1441 1428 1473 1492 Β.
1489 1425 1537 1506 0.,

180 1529 295 1614 qcmdo
317 1529 463 1610 partium
486 1534 549 1594 tom
570 1533 758 1616 inscriptis,
781 1551 871 1616 mum
892 1534 1009 1598 iocose
1026 1531 1269 1614 informantibus
1291 1533 1411 1600 auditio
1433 1533 1537 1596 nisie-

179 1655 236 1722 με
257 1636 388 1719 jurttm
415 1639 486 1702 ilinc
514 1639 587 1732 iada
613 1637 762 1704 ueduata.
788 1637 820 1724 ¹)
866 1639 1018 1703 Romanae
1048 1641 1192 1704 ecclesiae
1216 1660 1288 1704 rusus
1312 1639 1478 1704 servandos
1502 1645 1535 1703 iu

175 1747 236 1809 alio
256 1743 327 1808 loeo
350 1745 540 1827 praescribit,
564 1747 617 1809 sed
641 1746 767 1810 dicenda
789 1747 889 1828 potius
913 1751 1039 1811 eximino
1059 1747 1131 1810 dare
1154 1751 1319 1828 sapientiae
1341 1752 1492 1828 specimen
1505 1756 1535 1811 et

175 1853 396 1918 documentum.
442 1853 489 1916 Ex
520 1872 577 1934 quo
608 1857 864 1934 opportunissimo
893 1874 948 1935 pro
980 1873 1038 1916 uno
1067 1849 1136 1917 loco
1168 1862 1253 1934 atqua
1284 1873 1322 1917 ex
1348 1850 1535 1935 legislatoris

174 1968 275 2023 mente
297 1958 473 2040 particulari
496 1959 616 2022 decreto
640 1959 717 2042 quod
741 1959 801 2022 alia
821 1964 853 2022 iu
877 1961 1010 2024 dioecesi
1032 1979 1067 2022 ac
1090 1961 1145 2023 sub
1161 1957 1232 2024 aliis
1257 1965 1379 2024 omnino
1404 1965 1535 2024 circum-

174 2071 300 2132 stantiis
324 2065 463 2130 damarum
486 2076 625 2148 emerget,
649 2067 799 2149 quomodo
822 2066 853 2130 id
876 2065 942 2153 cjns
965 2075 1070 2129 auctor
1091 2077 1244 2148 praestare
1266 2071 1392 2148 potest?
1420 2057 1535 2132 Pesla-

171 2175 255 2238 rr'on'
275 2183 373 2237 eutem
396 2177 492 2238 inciso
515 2171 634 2236 deducti
658 2192 695 2236 ex
719 2173 883 2255 disputatis
906 2169 1059 2236 corollarii
1082 2171 1134 2236 illa
1145 2180 1307 2256 responsio
1332 2185 1410 2238 certe
1425 2184 1535 2257 patro·

172 2287 308 2357 einaim
340 2299 397 2362 qua
426 2281 645 2346 recurrerem
672 2279 864 2358 particulari
891 2279 928 2343 ad
953 2278 1224 2361 congregationem
1248 2301 1367 2366 semper
1385 2281 1533 2368 jubemur,

171 2397 202 2451 et
225 2387 346 2470 quidem
370 2404 430 2450 non
446 2395 573 2463 temere,
596 2385 649 2450 sed
672 2405 710 2448 ex
733 2384 906 2450 rationabili
928 2406 1018 2469 caque
1041 2387 1203 2450 sufficienti
1218 2407 1325 2466 causa3
1351 2409 1436 2471 quam
1460 2399 1532 2453 tunc

170 2495 282 2558 adesse
314 2497 406 2566 scies,
438 2497 465 2556 si
492 2490 580 2574 paulo
610 2501 698 2556 anteo
728 2489 808 2555 dicte
835 2499 945 2560 attente
974 2491 1139 2577 perlegeris
1169 2502 1199 2558 et
1227 2515 1285 2577 que
1306 2505 1335 2559 te
1358 2499 1472 2560 moveri
1494 2495 1532 2559 ad

171 2601 291 2666 dandum
315 2619 421 2684 preces
445 2619 532 2667 sacra
554 2597 755 2682 congregatio
779 2619 927 2683 uunquam
950 2619 1012 2664 noa
1034 2605 1188 2683 supponit.

684 2810 941 2876 Corollarium
969 2809 1018 2879 iv.

308 2973 385 3037 Nea·
401 2973 493 3054 priua
514 2973 558 3038 e'c'r
575 2970 742 3052 placuerit,
764 2970 875 3055 quom
896 2989 956 3034 nou
978 2968 1104 3055 udaeque·
1122 2968 1229 3054 reic'pio
1260 2970 1318 3034 tili
1344 2975 1407 3046 eat,
1436 2971 1532 3056 legera

181 3079 240 3144 cite·
255 3099 367 3160 ponere
387 3075 650 3162 particularius.
674 3077 713 3141 R.
731 3077 763 3144 C.
786 3079 930 3157 decreto,
952 3097 1028 3142 eece
1052 3099 1091 3143 me
1113 3079 1156 3142 ad
1178 3078 1212 3142 e'd
1226 3077 1354 3144 concilii
1372 3079 1531 3155 decaniae,

177 3190 216 3249 at
242 3205 278 3250 eu
300 3188 431 3269 propr-ria
463 3191 519 3250 tua
541 3187 732 3252 auctoritaie
760 3187 794 3248 in
818 3187 945 3265 prosim
973 3183 1049 3250 velia
1078 3185 1228 3266 dedorim·
1262 3191 1382 3270 egregio
1405 3203 1530 3269 nachm

172 3291 308 3367 mlieris,
332 3299 362 3358 si
383 3295 439 3358 hae
461 3292 569 3376 agendi
583 3299 701 3358 ratione
724 3301 928 3358 assecuturum
951 3302 981 3357 te
1003 3313 1107 3358 sacrae
1123 3289 1379 3375 Congregationis
1400 3302 1529 3358 mentem

171 3421 290 3484 speres.
342 3401 401 3464 Sed
431 3399 580 3482 quodnam
613 3399 686 3466 milri
714 3405 772 3463 orit
802 3404 936 3481 signnm,
972 3401 1120 3483 quodnam
1148 3409 1371 3481 argumentum,
1401 3419 1440 3464 ex
1471 3419 1529 3483 quo

171 3505 317 3590 colligere
342 3515 405 3571 tuto
429 3513 560 3589 possim,
591 3517 688 3572 utrum
710 3507 874 3573 Ordinario
904 3507 1033 3589 placeat,
1064 3507 1185 3572 decreta
1206 3505 1281 3570 mihi
1303 3505 1433 3569 indicere
1456 3516 1529 3570 tan-

171 3635 261 3698 quam
284 3618 407 3678 strictas
430 3613 522 3698 leges,
545 3623 684 3698 tanquam
708 3619 823 3678 unicam
847 3614 955 3697 egendi
985 3633 1119 3678 normam
1144 3633 1176 3676 eu
1207 3612 1281 3676 milri
1302 3615 1529 3694 praescribere?

170 3720 327 3804 Numquid
350 3720 418 3785 ideo
437 3721 502 3808 jam
524 3725 642 3804 iuqrrics
666 3719 820 3805 obligandi
840 3724 902 3784 vim
932 3725 962 3784 in
993 3725 1207 3785 conscientiam
1231 3730 1353 3786 exerent
1375 3721 1453 3803 quod
1475 3726 1528 3784 iu·

170 3839 258 3895 rerta
283 3828 364 3892 iorte
392 3827 596 3894 eeclesiastico
628 3825 797 3894 calendario
820 3827 951 3891 inerint?
981 3829 1029 3892 An
1052 3828 1254 3910 exspectanda
1276 3833 1377 3911 potius
1399 3826 1528 3893 aliaest

169 3953 266 4020 eaque
287 3939 386 4018 magis
409 3953 555 4017 expressa
577 3955 733 4016 supremae
755 3932 925 4000 Voluntatis
949 3933 1152 4018 significatio?
1174 3937 1253 4000 Huic
1276 3955 1367 4017 porro
1391 3940 1525 4018 quaesito

169 4047 277 4128 paucis
301 4043 432 4108 amiciet
452 4046 484 4105 in
507 4045 645 4125 sequenti
660 4039 775 4123 Capite.

717 4165 871 4226 (Brachium
895 4166 984 4232 ioigt.)

167 4411 385 4430 Ἠ

224 4543 251 4608 ¹)
269 4541 342 4606 oure
361 4542 442 4594 dictio
461 4551 539 4603 saepe
555 4515 671 4590 occurrit
688 4537 743 4591 (tir.
765 4535 805 4588 17.
824 4535 905 4600 April.
926 4537 993 4588 iiii
1013 4540 1043 4588 in
1060 4539 1169 4588 lauret.

744 4815 955 4848 m
