3330 5222
62 110 328 218 ,xxvm

194 244 300 309 Sedem
323 243 511 308 observantia
533 245 638 326 pronis
654 244 774 307 auribus
798 242 869 306 baeo
884 245 996 308 Nostra
1017 242 1174 325 excipietis
1191 244 1319 320 monita,
1342 250 1372 306 et
1387 262 1421 307 ee
1438 240 1547 320 omnis,

193 334 230 396 de
254 334 357 416 quibus
380 332 493 416 loquuti
507 352 620 412 sumus,
643 353 729 418 quam
745 331 975 415 diligentissime
991 332 1172 413 perfleienda
1196 341 1226 397 et
1240 332 1412 416 exequenda
1426 334 1548 401 curetis.

191 421 314 486 Interim
336 422 413 485 baud
437 424 640 486 omittimus'a
657 424 721 485 Deo
734 424 855 504 Optimo
878 422 1011 485 Maximo
1035 420 1188 485 humiliter
1209 424 1352 503 enixeque
1373 439 1547 503 exposcere,

193 521 225 573 ut
240 512 387 574 uberrima
403 532 532 595 quaeque
555 531 626 575 suae
642 512 784 575 bonitatis
808 510 887 573 dona
910 530 1002 592 super
1016 512 1075 574 Vos
1099 511 1245 593 propitius
1269 530 1388 594 semper
1409 509 1547 587 effundat,

193 603 361 683 vestrisque
376 600 577 683 pastoralibus
594 601 688 678 euris,
712 598 848 663 consiliis
871 607 901 662 et
922 597 1074 662 laboribus
1091 599 1255 678 benedicat,
1278 620 1335 685 quo
1357 599 1549 662 sanctissime

194 698 298 753 nostra
327 689 432 772 religio
456 690 577 776 ejusque
600 689 734 753 doctrina
755 691 787 752 in
810 690 922 752 vestris
945 690 1141 753 Dioeeesibns
1165 689 1279 776 majora
1302 690 1333 750 in
1357 689 1422 752 dies
1446 689 1549 751 inere-

194 787 292 841 menta
322 780 483 861 suscipiat,
511 798 545 843 ao
570 799 718 863 prospere
748 777 931 861 feliciterque
961 779 1066 879 ubique
1096 779 1195 860 vigent
1227 788 1256 842 et
1284 778 1398 841 floreat.
1451 778 1549 860 Atque

193 865 365 932 coelestium
397 871 527 934 omnium
558 888 713 930 munerum
744 868 909 949 auspicem,
940 876 969 930 et
996 868 1245 949 flagrantissimae
1268 868 1396 932 Nostrae
1427 867 1458 929 in
1486 867 1548 929 Vos

194 957 328 1019 caritatis
350 967 458 1020 testem
481 955 685 1039 Apostolioam
709 956 951 1020 benedictionem
974 970 1012 1020 ex
1034 959 1138 1020 intimo
1161 957 1250 1021 eorde
1272 957 1434 1039 proiemam
1455 955 1548 1020 Vobis

195 1043 341 1126 singulis,
377 1045 487 1110 Dilecti
514 1044 584 1110 Filii
613 1048 719 1110 Nostri
750 1064 783 1108 ae
812 1044 1002 1109 venerabiles
1033 1047 1169 1119 Fratres,
1200 1047 1394 1131 omnibusque
1423 1047 1550 1111 istarum

193 1133 393 1198 Ecclesiarnm
417 1134 553 1213 Clerieis,
577 1136 734 1217 Inieisqne
758 1133 894 1198 fidelibus
918 1155 1004 1198 curse
1026 1146 1146 1213 vestrae
1168 1134 1337 1207 commissis
1360 1140 1550 1215 peramanter

193 1222 388 1304 impertimur.

329 1350 438 1412 Datum
460 1349 572 1412 Romae
599 1348 678 1431 apud
700 1348 841 1413 Senatum
864 1348 985 1415 Petrum
1008 1349 1057 1412 die
1079 1354 1111 1415 b.
1133 1348 1313 1413 Novembris
1335 1348 1425 1412 Anno
1450 1350 1548 1413 1855.

195 1454 389 1519 Pontidmtus
412 1453 520 1519 Nostri
543 1455 631 1519 Anno
651 1455 789 1521 ,noima
823 1458 826 1465 '

977 1610 1105 1683 Plus
1125 1611 1272 1701 Papa
1293 1609 1384 1683 Π.

328 1805 454 1872 Dilectis
483 1805 571 1871 Filiis
594 1809 717 1872 Nostris
747 1811 780 1875 S.
801 1810 837 1873 lb
866 1810 902 1872 E.
927 1807 1135 1874 cardinalibus
1164 1829 1199 1873 ae
1221 1807 1445 1875 venerabilibus
1467 1806 1548 1870 Fra«

194 1898 291 1961 tribus
313 1897 557 1979 Arobiepiseopis
570 1906 610 1961 et
632 1899 791 1980 Episcopis
813 1900 971 1963 universae
989 1897 1156 1982 imperialis
1178 1917 1215 1963 ae
1237 1898 1347 1982 Regino
1369 1897 1549 1963 Austrieoae
1659 1980 1662 1989 μ

195 1987 332 2050 ditionis.
