3458 5218
206 156 288 232 274

522 352 559 415 A.
1213 355 1247 420 B.

205 456 287 528 tilis,
324 455 367 517 uti
394 457 542 536 amictus,
570 453 684 534 Albae,
721 454 870 522 Toboleue
896 475 962 522 curn
985 457 1054 523 ilios
1076 459 1252 524 renovantes
1271 479 1386 543 quoque
1401 478 1438 522 ex
1455 461 1563 540 gossi-

204 559 347 638 Altcrls,
385 582 501 627 necnon
536 562 722 646 corporolia,
756 561 870 646 pollue,
897 569 947 646 pio
982 562 1182 647 supellectilia
1217 567 1330 632 videns.
1377 568 1430 631 liei
1461 575 1560 628 tamen

200 669 442 751 peniteaterr'c5
464 679 549 753 etque
571 669 628 734 hoc
644 671 723 735 idem
738 693 756 735 a
771 678 868 734 sacris
895 669 1072 736 violatarum
1105 675 1290 737 rubricarum
1319 674 1386 737 ideo
1418 673 1561 736 censendi

204 777 312 840 ritibus
328 776 444 839 tuendis
463 778 643 858 praepositis
659 777 868 843 cardinalibus
894 799 955 842 non
979 789 1049 844 sunt
1071 789 1237 854 nostrates,
1261 781 1339 864 quod
1361 781 1473 845 esrem
1494 779 1563 842 hinc

204 879 296 946 latum
319 882 469 947 decretum
492 904 551 947 non
574 885 730 967 probatum
746 886 868 950 modoa
895 887 966 949 inde
988 895 1109 950 utentur
1127 885 1281 971 riopulir3
1306 885 1377 951 licet
1391 892 1472 950 enirn
1486 886 1560 948 hoec

204 1008 322 1054 summo
344 989 488 1054 Pontihce
511 1001 554 1054 est
570 988 622 1074 ¹),
653 998 867 1056 verumetiam
895 995 994 1056 minus
1026 992 1260 1076 Congregetioui
1293 992 1410 1078 plaeere
1442 1013 1558 1075 cogna-

203 1096 272 1178 ipso
297 1097 424 1184 jubente
459 1095 495 1158 ab
529 1098 666 1161 omnihus
697 1098 867 1163 Ordineriis
893 1108 1015 1163 scentur
1030 1097 1063 1183 ¹)
1076 1121 1253 1185 qumquae
1271 1120 1311 1165 ex
1323 1100 1385 1165 lino
1400 1109 1470 1164 sunt
1485 1119 1562 1161 eoe-

202 1203 307 1288 uhique
322 1201 456 1267 locorum
469 1201 698 1286 promulgetum.
722 1205 774 1268 Nil
796 1225 868 1287 ergo
895 1207 972 1272 iectu
992 1215 1042 1270 eut
1063 1227 1101 1272 ex
1122 1209 1248 1282 canabe,
1269 1209 1439 1290 proscripto
1459 1215 1559 1270 temen

202 1312 328 1389 mirum,
358 1311 386 1374 si
418 1310 575 1374 interdicta
605 1311 725 1374 omnino
756 1310 868 1375 Rornae
895 1312 1029 1378 absolute
1042 1334 1059 1377 e
1074 1314 1214 1378 Patribus
1232 1335 1292 1379 non
1314 1319 1514 1378 inveniuntur.
1620 1369 1622 1372 .

202 1421 264 1481 sint
302 1418 459 1500 gossipina
495 1415 702 1500 supellectilia.
748 1420 868 1481 Sericos
1642 1423 1645 1430 ⁴

200 1519 325 1588 lescies
346 1525 430 1587 rubri
447 1522 556 1588 coloris
571 1528 603 1587 in
618 1523 743 1588 fimbriis
756 1533 785 1588 et
800 1545 868 1588 me-

201 1629 278 1694 nieis
302 1627 448 1694 hiberum
472 1639 501 1694 et
522 1627 651 1694 aliarum
673 1635 799 1701 vestium
814 1633 868 1695 suh

204 1736 270 1800 reio
294 1742 495 1818 trompesenti
516 1738 611 1816 mitti,
630 1735 740 1820 absbue
761 1742 870 1803 terrc-

199 1861 267 1907 rrorr
289 1862 347 1906 noo
360 1839 471 1919 licere,
487 1844 622 1927 quemvis
638 1841 670 1907 id
682 1845 793 1908 Rornae
809 1844 868 1921 hat,

199 1948 332 2014 doenum
347 1969 374 2010 a.
389 1967 417 2016 s.
430 1950 465 2014 11.
482 1948 515 2015 (1.
524 1959 570 2012 est
585 1955 638 2015 17.
647 1970 715 2033 eug.
728 1956 822 2018 1833.
831 1947 867 2036 ²)

272 2061 322 2121 15.
346 2056 458 2119 Romae
479 2075 539 2119 non
555 2053 710 2120 adhibetur
726 2057 867 2139 menipu-
963 2063 1013 2122 ie.
1035 2054 1205 2136 hienipulus
1228 2063 1329 2119 noster
1344 2071 1410 2118 eom
1424 2055 1556 2118 destitu-

60 2210 64 2218 ,
203 2161 266 2242 lus,
284 2163 332 2244 qui
348 2170 469 2225 ornatus
484 2161 637 2227 chordulis
651 2183 712 2227 non
727 2168 780 2241 eit,
796 2165 866 2246 qui·
893 2171 941 2224 tus
958 2159 1109 2226 chordulis
1124 2163 1174 2240 sit,
1190 2161 1295 2244 quibus
1308 2161 1423 2242 alligari
1436 2159 1558 2225 brechio

199 2268 254 2332 bus
276 2269 355 2332 inire
377 2269 504 2334 cubitum
527 2289 545 2331 a
567 2273 705 2333 ministro
721 2270 863 2334 firmetur.
893 2277 997 2349 queat,
1021 2265 1206 2332 anennullie
1229 2287 1321 2350 supre
1337 2268 1465 2332 cubitum
1480 2285 1557 2347 pro-

198 2371 299 2439 Stolae
333 2393 407 2440 crux
438 2395 505 2440 eum
534 2375 595 2458 tegi
623 2395 642 2439 a
670 2375 789 2458 plenetn
819 2377 864 2440 sic
891 2374 1018 2438 trahitur
1039 2395 1077 2438 ne
1100 2374 1186 2438 cedet
1207 2385 1258 2438 eut
1280 2374 1490 2456 impedimento
1505 2378 1558 2436 in-

199 2479 307 2550 debeet
322 2490 354 2548 ut
369 2486 490 2546 omnino
504 2502 565 2546 non
587 2491 744 2564 appareat,
767 2480 864 2563 repli·
890 2481 938 2546 ire
959 2483 1081 2548 ιιίιειιι
1104 2487 1155 2546 sit.
1201 2479 1287 2546 Stoia
1308 2501 1367 2544 non
1390 2481 1479 2544 modo
1500 2500 1554 2542 re-

196 2587 291 2654 conda
306 2588 361 2652 surb
376 2585 496 2670 planete
510 2598 567 2652 est.
591 2587 730 2656 Planctus
745 2588 863 2655 tendum
891 2586 1003 2669 piicsts
1025 2590 1081 2653 sub
1103 2589 1223 2670 planete
1238 2607 1300 2652 non
1311 2589 1399 2657 ittet.
1424 2587 1479 2651 sed
1493 2595 1554 2650 um

197 2709 259 2760 nou
282 2705 353 2760 sunt
377 2715 463 2760 crum
484 2716 503 2761 a
524 2704 609 2778 parte
630 2699 798 2778 posteriore
813 2699 862 2758 in-
890 2693 949 2758 site
969 2714 1176 2779 nonnunquam
1195 2693 1343 2759 attollitur
1357 2715 1377 2758 ι
1391 2703 1493 2776 tergo,
1523 2705 1556 2758 ut

195 2801 340 2883 suune,
356 2802 410 2866 sed
426 2803 464 2868 eb
477 2807 627 2867 rubriore
641 2811 772 2880 tentum
795 2821 863 2866 nam
890 2801 1001 2867 sudore
1023 2799 1197 2883 ocellorum
1221 2801 1399 2883 inquinetur.
1445 2797 1556 2864 Ousuin

197 2905 353 2974 columneo
374 2912 504 2991 speeiem
524 2909 726 2992 apostoriore
745 2907 862 2987 hebent,
891 2908 1031 2990 deniquo,
1063 2907 1157 2992 (quae
1188 2909 1226 2974 N.
1248 2907 1282 2970 11.
1312 2925 1368 2970 nec
1390 2903 1554 2972 osculanda

71 3055 74 3060 ·
195 3015 273 3082 soei
288 3019 367 3083 tuter
388 3014 555 3082 columnam
573 3025 603 3080 et
619 3033 735 3080 crucem
751 3014 863 3080 christi
889 3034 907 3076 ι
929 3013 1104 3081 celebrente
1133 3033 1259 3096 unquam
1285 3012 1349 3097 eet)
1372 3032 1432 3077 non
1455 3017 1554 3076 minos

83 3117 88 3132 ”
196 3122 338 3188 secordes
362 3130 463 3187 staret.
494 3123 618 3188 Duobus
636 3123 708 3186 item
730 3121 862 3186 chordo-
889 3130 1013 3202 sparte
1041 3123 1201 3202 posteriori
1230 3140 1316 3205 qoem
1346 3121 1381 3184 eb
1410 3125 1554 3183 anteriori
1639 3177 1644 3187 .

194 3225 237 3292 lis
258 3247 322 3292 sere
349 3228 479 3295 vinculis
507 3225 625 3310 ailigeri
653 3229 731 3291 eirca
758 3237 862 3309 peetus
889 3247 977 3292 cruce
999 3238 1045 3292 est
1067 3227 1144 3310 epod
1167 3246 1223 3292 nos
1252 3234 1366 3292 ornata.

196 3331 317 3416 planete
344 3333 448 3414 debet,
479 3353 516 3398 ne
543 3333 714 3398 indecenter
736 3353 754 3396 e
775 3343 861 3418 tergo

197 3438 375 3522 dependeat.

264 3554 315 3616 to·
350 3549 535 3612 Postremum
574 3545 778 3612 indumentum
813 3558 860 3612 est
956 3553 1007 3614 io.
1039 3545 1159 3611 Nullum
1182 3547 1263 3610 eliud
1292 3565 1310 3608 a
1342 3554 1446 3609 nostro
1470 3544 1551 3608 clero

194 3653 323 3720 biretum
346 3651 588 3732 ecciesinsticum‚
620 3672 678 3736 quo
700 3663 859 3736 coopertos
888 3653 1179 3717 saeeuierividemus
1194 3650 1445 3716 inerciesissticis
1459 3651 1550 3715 iune-

194 3759 332 3824 eecedere
360 3759 398 3826 ed
426 3756 520 3823 eltsre
548 3758 702 3826 celebrans
726 3759 858 3846 jubetur.
888 3761 1017 3823 tionibus
1031 3761 1155 3823 biretum
1169 3758 1341 3829 adhibitum,
1361 3777 1446 3840 quem
1469 3755 1547 3838 quod

193 3867 262 3934 Hoc
283 3885 355 3932 raro
380 3863 610 3932 ecclesiestioum
631 3866 757 3932 biretum
777 3868 859 3934 uliud
886 3867 1073 3930 interdictum
1115 3864 1286 3949 particulari
1319 3864 1437 3929 decreto
1471 3882 1548 3943 pro-

194 3974 315 4038 omnino
338 3993 404 4037 esse
426 3972 463 4036 ab
491 3993 545 4052 eo,
577 3991 634 4054 quo
664 3972 799 4057 legitime
827 3974 1085 4056 inscriptumque
1104 3972 1169 4060 jam
1192 3975 1229 4036 eb
1251 3972 1363 4056 sliquos
1385 3974 1472 4034 ennie
1488 3989 1504 4030 a
1522 3989 1548 4030 s.

193 4080 326 4148 utendis
341 4081 433 4143 oresti
446 4079 586 4146 ‹lortoiee
603 4089 689 4144 extra
702 4082 857 4145 ecelesiam
885 4081 921 4146 ii.
946 4078 982 4144 G.
1006 4076 1115 4163 itit,‘²)

193 4187 241 4254 uti
260 4185 345 4253 unice
368 4204 406 4252 ex
428 4183 505 4266 legis
527 4185 712 4268 praescripto
726 4188 857 4269 possint,

192 4301 332 4378 meatum
345 4294 421 4358 satie
437 4301 492 4372 est,
508 4293 701 4374 exposuimus
717 4298 747 4386 in
763 4295 857 4376 priori

192 4408 278 4485 perte
301 4399 336 4465 C·
359 4398 408 4464 111.

263 4513 312 4578 17.
335 4505 445 4570 Ultimo
467 4504 587 4568 medem
610 4505 676 4568 loco
699 4505 777 4568 circa
799 4525 856 4586 pe-
953 4509 1003 4570 17.
1027 4501 1095 4566 iiion
1116 4502 1230 4566 serrcri
1248 4522 1400 4583 sempera
1415 4505 1547 4568 Nostru-

192 4621 327 4678 raments
353 4620 383 4675 et
413 4612 551 4674 sicarium
581 4608 673 4692 peliin
702 4611 854 4677 observari
883 4610 964 4672 tibus
986 4605 1143 4691 generales
1164 4609 1202 4671 de
1225 4610 1322 4674 colore
1341 4609 1476 4674 rubricas
1493 4627 1545 4672 ar-

213 4881 323 4948 ¹btiecr.
343 4885 382 4937 it.
400 4887 464 4938 neti
481 4897 522 4938 ao.
543 4884 619 4940 tent.
900 4883 924 4950 ¹)
937 4885 1011 4938 bear.
1029 4895 1050 4942 ι
1071 4883 1099 4938 ii.
1119 4883 1145 4938 o
1164 4884 1207 4944 211.
1225 4885 1283 4940 Jea.
1304 4883 1378 4938 itte

211 4967 238 5040 ³)
250 4972 281 5025 in
297 4985 350 5026 ona
367 4972 433 5029 ord.
450 4985 472 5024 e.
490 4973 512 5028 1.
530 4973 564 5026 de
581 4973 638 5050 veo
654 4975 688 5025 ad
704 4975 729 5026 b.
898 4971 926 5039 ²)
938 4974 966 5024 in
982 4974 1100 5028 remia.
1114 4975 1138 5026 7.
1151 4973 1210 5028 itec
1226 4972 1294 5032 1811
1313 4971 1377 5028 ant
1389 4968 1449 5022 M
1463 4979 1491 5022 tt·
1502 4967 1545 5024 ²⁸·
