3406 5222
215 181 293 260 ⁴92

214 377 264 440 vis
287 384 318 440 et
340 383 438 440 metus
460 375 709 448 institutum-aet,
734 383 766 438 ut
788 375 835 438 tis
859 371 971 460 injusta
994 372 1177 438 eriminum
1190 369 1420 454 expugnantium
1443 369 1565 436 arllrlblte

214 485 320 547 emoto
353 483 447 566 quoad
481 482 692 564 obligationem
722 481 920 544 conscientiae
949 479 1158 562 imponendam
1182 486 1304 556 curoatq
1328 477 1450 542 minima
1477 485 1566 542 autem

217 589 423 670 patrocinatur
452 592 497 668 el,
536 593 585 670 qui
615 590 679 670 ipse
709 592 742 651 iu
772 585 862 670 plena
889 585 1025 651 libertate
1056 571 1235 664 ponamictus
1264 583 1387 650 alterius
1409 585 1567 649 libertatem

214 695 388 776 graoimlma
410 689 496 758 illata
517 693 627 779 injuria
649 693 780 758 violavit.
827 695 949 758 Accedit
979 710 1123 775 expreaea
1150 694 1227 774 legia
1250 692 1427 756 declaratiot
1465 696 1568 774 quippe

213 799 354 866 Decreta!
375 800 427 864 iv.
452 808 481 874 7,
508 807 538 867 1.
561 800 598 863 (le
621 801 697 880 viro,
722 804 771 883 qul
794 819 889 864 uxore
911 805 1030 865 vivente
1053 797 1141 864 allam
1163 805 1209 863 rei
1223 800 1351 864 insciam
1365 799 1427 864 sibl
1449 798 1568 880 aepule-

213 916 297 972 verat
325 917 355 971 et
385 910 481 991 prima
510 916 626 972 mortua
657 907 829 970 asecunda
851 907 990 972 recodere
1013 907 1176 980 nitebatur,
1200 907 1281 969 -baeo
1304 908 1467 970 constituta
1487 912 1569 968 sunit

213 1008 312 1093 „Quia
334 1014 466 1096 praelata
489 1012 597 1078 mulier
619 1021 683 1077 erat
704 1017 816 1092 inscia,
840 1014 916 1097 quod
940 1013 990 1076 ille
1013 1011 1101 1076 aliam
1125 1013 1245 1077 baberet
1267 1031 1392 1077 uxorem
1414 1013 1568 1089 viventem,

212 1139 266 1183 nec
289 1121 412 1203 dignum
435 1129 489 1192 est,
512 1127 545 1183 ut
567 1119 736 1200 preadiotns
753 1125 810 1196 vir,
834 1121 883 1204 qui
898 1126 1026 1185 solome
1041 1127 1148 1183 corma
1163 1137 1291 1184 canones
1304 1127 1436 1191 vonerot
1460 1115 1569 1181 luorum

212 1225 248 1288 de
270 1245 325 1289 suo
349 1225 419 1290 dolo
441 1235 588 1308 reportet,
612 1225 821 1290 consultationi
835 1235 901 1289 tuoe
913 1225 1013 1289 taliter
1029 1205 1256 1308 respondemus,
1281 1227 1367 1310 qoorl,
1391 1226 1451 1288 nisi
1469 1223 1571 1288 mulier

212 1333 373 1396 divortium
397 1341 496 1416 petat,
520 1332 756 1415 adpetitionem
779 1335 838 1396 viri
861 1353 920 1396 non
944 1331 1210 1416 suntaiiquatanus
1224 1331 1413 1413 aspernere*
1458 1329 1571 1417 injure

211 1440 241 1502 ri
265 1457 413 1521 oppresso
440 1439 538 1524 major
566 1458 651 1522 qnam
683 1430 771 1504 loisis
793 1441 1008 1503 assertionibus
1032 1439 1136 1503 deluso
1158 1439 1270 1526 injuria
1291 1441 1457 1522 irrogaturq
1481 1439 1571 1521 igitur

212 1565 306 1631 aequa
329 1548 378 1630 qui
401 1546 675 1619 metum'iuoussit,
699 1546 736 1608 da
761 1564 815 1610 suo
838 1546 918 1610 iacto
940 1546 1054 1610 luorum
1076 1553 1234 1629 reportet..

344 1655 398 1732 Ei,
429 1659 477 1737 qui
508 1663 616 1718 metum
648 1653 789 1733 incussit,
828 1654 925 1736 quood
955 1653 1110 1718 resiliendi
1138 1649 1311 1717 laenitatem
1336 1649 1572 1734 aequiparandus

210 1768 274 1839 est,
297 1781 354 1842 quo
377 1765 500 1824 conscio
523 1768 618 1824 melus
641 1761 780 1823 incussos
801 1765 865 1823 est'e
889 1762 996 1825 etenim
1023 1759 1151 1846 injuriae
1172 1758 1347 1822 inferendae
1368 1758 1524 1822 consensit
1544 1766 1572 1821 at

210 1869 327 1932 iructua
350 1867 416 1953 ejus
439 1873 581 1949 percepit.
628 1861 707 1945 Quiri
731 1875 837 1940 autem,
862 1871 891 1929 ai
913 1869 1058 1941 eveniret,
1084 1877 1115 1930 nt
1136 1887 1196 1930 una
1217 1875 1288 1947 pars
1310 1864 1357 1928 vis
1371 1862 1460 1928 alteri
1472 1864 1572 1930 illatae

211 1992 338 2056 prorsus
353 1978 457 2056 ignoro
470 1975 624 2037 extiterit?
647 1969 745 2053 Quum
768 1975 837 2036 talis
860 1993 930 2037 vere
952 1993 986 2037 ac
1008 1973 1102 2037 libere
1125 1977 1312 2037 consenserit
1332 1991 1389 2036 neo
1409 1976 1439 2034 el
1461 1971 1573 2058 injuria

210 2080 379 2160 irrogetur,
408 2080 526 2162 quando
556 2081 652 2142 altera
680 2099 751 2160 pars
782 2079 964 2162 aliquantum
988 2091 1057 2162 post
1079 2080 1109 2143 id
1133 2078 1211 2142 idem
1234 2087 1381 2160 praestet,
1404 2077 1484 2162 quod
1510 2099 1571 2142 eam

211 2191 242 2250 in
266 2190 331 2268 ipsa
355 2187 522 2269 nuptiarum
546 2189 733 2250 solemnitate
756 2189 942 2267 praestitisse
962 2187 1134 2263 crediderit,
1156 2189 1244 2249 etiam
1267 2187 1325 2248 boo
1346 2190 1378 2249 in
1398 2203 1471 2248 casu
1496 2203 1573 2250 eon·

210 2295 299 2357 sistet
329 2293 565 2366 matrimonium,
597 2294 813 2377 quamprimum
840 2315 913 2377 pars
942 2299 1002 2358 vim
1033 2301 1198 2376 maternique
1224 2311 1367 2375 perpessa
1391 2308 1572 2358 comensem

209 2400 404 2481 suppleverit.
452 2403 574 2483 Oppoui
605 2409 714 2482 potest,
745 2387 954 2466 consulendum
978 2407 1105 2480 essaei,
1128 2401 1178 2484 qui
1200 2417 1376 2464 consensum
1398 2403 1572 2481 expriorens

208 2507 370 2570 arbitratus
390 2511 440 2586 alt,
466 2527 499 2570 sc
522 2527 586 2571 eum
611 2509 703 2572 libere
726 2515 757 2571 br
781 2515 918 2572 maritum
933 2508 1078 2592 seligente
1093 2507 1279 2587 contrahere,
1301 2520 1395 2591 neque
1408 2506 1447 2570 ele
1461 2509 1571 2570 matri-

210 2613 310 2676 monio
340 2615 546 2696 cogitavisset,
579 2616 655 2697 quod
689 2617 717 2678 si
748 2623 931 2698 compertum
961 2617 1130 2693 habuisset,
1162 2635 1226 2679 eam
1258 2615 1297 2678 arl
1319 2619 1380 2696 ipsi
1402 2613 1570 2678 nubendum

210 2719 311 2800 gravis
335 2721 406 2782 mali
430 2729 508 2785 metu
531 2720 664 2784 adactam
688 2741 773 2785 esser
810 2723 945 2786 Attamen
975 2743 1060 2786 error
1086 2725 1163 2785 circa
1187 2724 1278 2785 animi
1299 2725 1421 2785 abactas
1443 2739 1571 2784 versans

210 2845 271 2890 non
296 2835 340 2890 est
364 2833 405 2906 ls,
430 2830 478 2912 qui
501 2829 720 2892 matrimonium
744 2829 853 2895 irritet.
892 2823 1085 2912 Qrtapropter
1101 2830 1181 2917 juris
1202 2831 1336 2892 canonici
1359 2837 1389 2892 et
1402 2825 1571 2912 theologiae

209 2935 330 2997 moralis
352 2933 490 3003 doctores
512 2936 614 3017 paucis
637 2939 771 3017 exceptis
793 2955 896 2998 omnes
912 2936 1074 3015 affirment,
1098 2935 1213 3019 quando
1235 2933 1301 2998 bote
1314 2924 1381 3020 'quis
1394 2933 1442 2999 vel
1459 2945 1570 3000 metum

208 3057 315 3121 passus
345 3041 564 3104 matrimonium
597 3047 796 3111 contraxerit,
831 3041 984 3120 arribccre,
1008 3043 1136 3125 quadis
1162 3047 1230 3123 ipsc
1253 3051 1366 3106 tentum
1389 3061 1570 3107 consensum

208 3165 293 3209 soum
317 3157 409 3229 ponat
443 3157 471 3210 et
502 3148 576 3210 bunc
599 3149 773 3210 sententiam
796 3167 978 3211 communem
1002 3157 1031 3212 ct
1054 3151 1201 3213 veriorem
1225 3169 1306 3229 esse,
1339 3148 1570 3232 animemus

209 3251 320 3335 (tbeol.
345 3256 449 3317 moral.
477 3251 530 3316 lib.
547 3253 597 3318 Vl.
622 3275 650 3316 n.
670 3255 773 3336 llll)
797 3253 893 3316 docet.
941 3257 1056 3318 Horum
1079 3255 1116 3318 ael
1140 3274 1274 3324 normam
1297 3259 1327 3340 5.
1344 3261 1386 3323 39
1403 3257 1569 3322 stabilitum

208 3369 269 3438 est,
301 3366 538 3432 matrimonium,
571 3366 617 3424 eui
640 3367 686 3423 vie
709 3371 862 3444 metusque
885 3363 1017 3434 obstitit,
1048 3361 1263 3428 consolidatum
1287 3381 1353 3427 esse
1376 3365 1568 3437 censendum,

207 3467 422 3550 quamprimum
445 3487 531 3549 pars,
564 3487 636 3550 quae
659 3466 817 3530 violentiae
840 3466 953 3554 injuste
974 3469 1103 3550 suberat,
1126 3469 1262 3534 libertate
1285 3471 1372 3552 plone
1395 3481 1571 3553 recuperato

208 3591 364 3636 assensum
387 3573 479 3636 verbo
501 3574 618 3636 ia'ctove
641 3575 832 3656 suppleverit.

340 3676 419 3758 Quid
448 3689 562 3753 autem,
592 3681 620 3744 si
643 3683 837 3768 objiceretur,
871 3693 941 3764 poet
964 3683 1129 3748 Corcillum
1152 3683 1361 3748 mosomum
1393 3701 1570 3748 consensum

210 3805 270 3850 non
294 3787 444 3868 sulficere,
468 3793 528 3852 ulei
552 3807 649 3852 coram
672 3790 804 3871 parocho
819 3791 942 3873 proprio
965 3799 995 3854 et
1010 3793 1125 3856 dromus
1142 3793 1268 3855 testibus
1285 3791 1570 3870 declaratnsllrerit,

209 3893 325 3975 quando
354 3894 446 3975 igitur
477 3893 576 3958 nullus
603 3905 726 3977 propter
754 3899 814 3959 vim
846 3908 1011 3981 metumque
1039 3917 1215 3978 consensus,
1246 3907 1384 3982 oportere
1409 3909 1443 3962 ut
1466 3919 1569 3963 coram

207 4000 337 4083 parocbo
360 4006 482 4083 proprio
506 4011 535 4064 et
556 4002 673 4066 (luobus
695 4005 821 4067 testibus
850 4013 1025 4087 renovetur,
1057 4006 1190 4089 alioquin·
1215 4008 1243 4069 si
1266 4024 1324 4070 non
1344 4007 1395 4070 uis
1418 4013 1448 4070 ct
1470 4017 1570 4070 metris

207 4117 286 4172 certe
302 4116 399 4170 tamen
416 4106 667 4173 clandestinitalis
682 4111 926 4191 impedimentum
951 4115 1141 4177 matrimonio
1163 4115 1295 4178 obesse?
1317 4115 1570 4196 bespennensium

207 4215 278 4288 erit,
303 4235 420 4288 eonem,
445 4221 496 4299 qul
518 4217 638 4280 omnino
662 4237 732 4296 nou,
755 4227 783 4281 ct
807 4239 923 4296 eornm,
948 4219 1139 4302 quiinvolidc
1155 4225 1374 4296 contraxerint,
1397 4241 1457 4284 non
1479 4241 1569 4285 eam-

206 4323 273 4385 dem
296 4337 362 4385 esse
384 4341 532 4386 caussam.
580 4325 644 4387 lex
668 4327 858 4398 Tridentino,
889 4327 939 4389 nbi
962 4329 1089 4407 obligat,
1118 4327 1294 4390 catholicum
1325 4344 1445 4410 semper
1466 4329 1568 4410 impe-

206 4417 367 4511 dit,⁴·quiu
391 4430 501 4511 absque
524 4431 652 4510 paroobo
683 4439 713 4494 et
734 4432 861 4493 testibus
882 4430 985 4495 valido
1008 4433 1178 4512 contrabat,
1209 4443 1340 4497 estnon
1364 4452 1484 4518 semper
1505 4435 1569 4498 im-

207 4535 306 4618 pedit,
330 4541 400 4618 quin
424 4541 642 4600 matrimonium
664 4536 766 4600 debita
781 4539 876 4601 iorma
900 4541 1027 4604 invalide
1050 4551 1146 4604 tamen
1170 4549 1353 4605 contractum
1375 4543 1484 4626 absque
1506 4563 1569 4624 pa-

208 4639 299 4701 roelro
316 4650 353 4711 ,et
375 4643 501 4706 testibus
523 4641 699 4728 convalidet.
746 4637 898 4722 Quaenam
913 4647 1032 4710 Patrem
1043 4647 1292 4712 Tridentinorum
1317 4655 1346 4711 in
1371 4648 1568 4712 elanrlestini-
1649 4689 1650 4727 ,

208 4745 277 4806 tatis
307 4743 516 4827 impedimento
547 4747 703 4820 statuendo
726 4768 810 4813 mens
833 4753 940 4826 luerit,
971 4754 1107 4835 superius
1132 4759 1303 4836 expositum
1325 4761 1384 4819 est.
1427 4753 1568 4820 Ecclesia

207 4868 278 4915 vero
301 4851 406 4932 legem,
429 4873 514 4936 qnam
539 4859 654 4937 peceati
675 4859 828 4921 avertendi
851 4861 946 4940 gratia
962 4859 1043 4936 tulit,
1067 4865 1107 4923 lta
1131 4865 1298 4927 executioni
1313 4863 1448 4938 mandat,
1472 4869 1504 4927 ut
1528 4863 1568 4926 ael

207 4963 360 5036 peccatum
383 4962 575 5024 tremendum
597 4961 720 5026 summis
743 4969 823 5029 curis
844 4967 986 5030 amendat.
1025 4961 1411 5052 Quotios'imperiimentum
1432 4971 1565 5062 partiam
1636 5051 1648 5185 }
