3400 5224
228 188 307 289 see

543 404 580 466 A.
1233 402 1267 467 B.

227 517 347 574 cantare
370 510 490 573 missam
513 512 674 575 solemnem
697 511 778 585 (cum
805 510 887 572 cele·
918 506 1101 591 spondeant,
1124 527 1198 591 quae
1220 506 1256 571 de
1278 507 1455 589 Presbytero
1479 510 1556 573 atei-

226 616 349 696 britate)
379 635 444 680 cum
474 613 546 680 eolo'e
572 613 637 679 o‘llo‘e
667 615 768 680 trtius
794 621 887 679 mini·
917 615 1559 695 cienteinmissesolemnisumusemrraturi,

226 731 357 787 atrorum
386 742 538 786 sacrorum
573 742 693 787 minnere
729 732 759 786 et
788 723 886 786 cilicio
918 720 1115 785 occurendum
1130 721 1278 803 imprimis
1295 719 1559 801 illorumerroriest‚

226 829 418 910 fungentibus
446 828 564 894 clericis
594 829 703 893 Romae
739 849 886 915 nunquam
918 828 968 913 qui
989 832 1088 891 nescio
1110 847 1166 910 qua
1185 826 1318 891 idearum
1334 829 1498 893 confusione
1511 827 1562 891 de-

225 935 322 1000 liteat
366 938 428 1002 Usu
456 941 534 1000 euim
568 957 628 1000 non
655 937 749 1000 solum
779 945 826 998 est
855 937 885 999 in
917 941 1004 1017 cepti,
1028 945 1078 999 eut
1099 936 1176 1003 laiso
1202 938 1291 999 etiam
1311 931 1475 1006 laborantes
1497 954 1563 1018 sup-

225 1040 305 1106 11111
338 1053 504 1126 receptum,
545 1061 646 1106 verum
682 1043 770 1106 etiam
802 1040 886 1123 plura
916 1047 1017 1123 posito
1046 1040 1095 1106 vel
1124 1043 1222 1106 omnia
1249 1040 1373 1105 credunt
1404 1041 1441 1104 ad
1472 1059 1566 1105 mere-

225 1158 295 1212 aunt
316 1149 348 1212 S.
369 1151 405 1215 it
428 1149 464 1214 C.
493 1150 617 1222 decreta,
642 1170 715 1231 quse
730 1137 886 1213 manifeste
916 1150 1091 1212 munierium
1107 1157 1253 1230 spectare,
1276 1167 1350 1230 quae
1369 1148 1405 1211 de
1420 1152 1568 1211 assistente

223 1255 382 1320 ostendunt
404 1275 439 1319 ac
459 1266 637 1339 supponunt.
660 1255 883 1321 ddsciecendum
916 1256 1091 1336 presbytero
1104 1260 1218 1321 sancita
1240 1276 1268 1319 a.
1285 1256 1316 1318 S.
1333 1254 1369 1320 ii.
1385 1252 1419 1317 0.
1442 1259 1511 1333 sint,
1527 1256 1570 1317 vel

223 1380 291 1425 esse
322 1370 440 1444 praeter
467 1364 636 1446 praedictos
664 1367 819 1426 ministros
856 1372 885 1426 et
917 1372 1053 1426 econtre
1074 1363 1149 1426 nilil
1172 1380 1273 1426 eorum
1295 1361 1364 1424 louic
1386 1358 1571 1442 licereprca·

224 1478 359 1551 quartum
382 1470 538 1543 clericum,
562 1474 611 1553 qui
633 1473 754 1551 propria
775 1489 885 1535 eaere-
916 1470 1029 1550 bytom,
1046 1489 1120 1552 quse
1135 1467 1496 1533 caeremcuierlcdecreta
1505 1487 1574 1549 per·

223 1577 372 1640 noeane·
398 1577 573 1640 suctoritete
606 1577 743 1641 omuibus
772 1582 885 1659 praesit
915 1581 1042 1642 mittant.
1072 1571 1169 1655 Quum
1186 1575 1293 1641 deinde
1307 1575 1443 1639 moderni
1458 1575 1572 1657 quidam

224 1682 510 1769 cunctaqucdiriget.
534 1684 642 1748 Parum
656 1686 884 1767 nemquesetis-
916 1686 993 1766 iique
1009 1686 1200 1747 emunctioris
1221 1687 1303 1747 neris
1318 1683 1497 1745 rubricistae
1513 1679 1573 1744 illi-

223 1789 334 1854 leelsee
362 1796 477 1855 muneri
506 1811 561 1855 suc
590 1800 731 1873 puterunt
758 1792 884 1856 liomani
914 1790 1004 1852 citam
1026 1807 1142 1869 temper
1162 1808 1230 1864 esee
1253 1788 1500 1853 consuetudinem
1522 1788 1576 1852 de-

223 1895 344 1972 Petree,
375 1899 402 1961 si
431 1895 514 1979 leges
538 1897 741 1962 condidissent
771 1908 884 1962 tuntum
916 1905 1038 1960 cernant
1059 1896 1229 1960 adciscendi
1245 1894 1455 1976 presbyterum
1483 1896 1578 1959 assis·

223 2001 387 2090 idoneaque
401 2004 529 2067 subditis
542 2001 782 2086 promulgassent
793 2025 884 2087 prce-
915 2011 1025 2068 tentem
1053 2004 1084 2065 in
1107 2004 1202 2067 misae
1222 2003 1358 2081 solemni,
1381 2022 1530 2086 quumque
1550 2006 1581 2064 in

224 2118 319 2191 cepta.
350 2109 580 2174 constituendus
609 2111 732 2192 insuper
753 2096 800 2175 vir
819 2112 883 2183 luit,
914 2129 999 2175 suam
1022 2111 1199 2175 seutentiam
1227 2109 1357 2173 trahem·
1365 2109 1469 2194 aliqua
1489 2110 1522 2173 S.
1545 2108 1580 2173 it

223 2215 274 2299 qui
295 2218 326 2279 in
361 2222 455 2280 eecrls
475 2218 677 2283 functionibus
704 2216 757 2281 ills
785 2221 884 2282 omnia
915 2216 951 2282 C.
981 2216 1098 2282 decreta
1126 2214 1229 2292 velint,
1257 2221 1439 2304 praesertim
1462 2236 1534 2280 nero
1555 2218 1585 2279 11

223 2324 673 2408 execteoloservariprovlderct,
691 2330 885 2409 quaesuncite
915 2318 1585 2407 iliciueietmt,quodeepientieeumeemerunt

224 2437 323 2508 erem,
354 2431 459 2515 quique
481 2441 637 2515 propterea
659 2439 765 2496 cuncta
785 2433 883 2495 cccle-
914 2428 1019 2493 Patres
1032 2449 1089 2511 pro
1104 2429 1244 2494 Dioeoea.
1259 2430 1424 2510 pteioet‘ees.
1449 2433 1482 2494 et
1497 2430 1586 2492 Pru·

221 2535 340 2598 mastica
368 2556 488 2601 munera
517 2547 651 2620 spectare
681 2539 718 2601 ad
751 2538 882 2619 seipsum
915 2536 993 2599 tene.
1017 2535 1073 2601 sub
1099 2542 1149 2602 15.
1169 2535 1270 2599 martii
1288 2536 1383 2609 1721,
1407 2533 1587 2601 annotanda

223 2641 332 2707 sciret.
913 2640 1054 2723 quaedam
1082 2650 1152 2705 sunt
1183 2646 1262 2707 circa
1291 2661 1473 2723 germanam
1496 2641 1587 2728 lepus

914 2755 999 2834 etque
1021 2748 1089 2812 huic
1110 2746 1252 2814 similium
1267 2747 1463 2815 decretorum
1487 2750 1591 2813 inter-

912 2859 1126 2936 pretationem3
1148 2873 1220 2938 quae
1243 2858 1345 2919 omnia
1355 2873 1417 2920 una
1434 2856 1497 2921 laec
1513 2874 1591 2939 pro·

912 2965 1063 3042 positione
1085 2961 1324 3044 complectemur.

287 3068 341 3129 2i·
386 3063 470 3130 Unde
509 3068 747 3131 coereseooiore'e'
779 3074 881 3149 partes
978 3073 1031 3135 2l·
1054 3065 1220 3147 „omit
1241 3084 1375 3132 amnon
1391 3071 1443 3133 ce't
1458 3068 1497 3131 eie
1510 3065 1593 3133 Uele
1673 2976 1676 3145 l

220 3187 281 3233 non
304 3169 399 3233 solum
422 3189 488 3234 ease
509 3181 676 3236 statuerunt
695 3172 882 3237 1111111111-
913 3179 1074 3253 receptura,
1095 3178 1132 3238 aet
1153 3178 1187 3238 ie
1201 3175 1297 3240 111111
1314 3170 1447 3240 colomeo·
1456 3178 1597 3256 praeter
1672 3168 1676 3337 4

222 3281 314 3357 cipes,
337 3285 442 3339 cuncta
462 3278 636 3358 praevidere
662 3283 694 3341 in
715 3279 804 3343 iestis
826 3298 882 3342 sc-
912 3283 1171 3346 commentitum
1204 3284 1382 3366 septimo
1415 3280 1597 3365 preeoptee

220 3379 426 3456 lemnioribua,
457 3391 489 3445 ut
515 3383 663 3465 disposita
683 3404 737 3448 suc
759 3382 825 3449 loco
847 3404 882 3448 sc
911 3387 1066 3452 nicetem
1088 3386 1288 3464 acetosior,
1317 3388 1457 3469 facecia·
1489 3393 1600 3454 tam
1674 3372 1676 3503 l

85 3502 90 3519 ·
221 3495 355 3569 tempore
376 3498 479 3552 essent
500 3489 654 3563 universe,
682 3489 798 3555 Altaria
823 3490 881 3553 de·
912 3493 1019 3555 iinon
1040 3498 1128 3570 euno,
1150 3494 1206 3576 qui
1225 3513 1265 3558 es
1280 3495 1398 3575 optineo
1420 3495 1492 3562 lucc
1519 3514 1605 3562 coet-

221 3602 323 3658 center
343 3603 463 3675 ornata,
490 3592 603 3677 templa
624 3597 719 3661 nitida
740 3616 882 3681 sacraque
911 3598 1074 3663 misitne
1099 3597 1239 3665 Rooeoeo
1267 3604 1362 3685 oipuc
1389 3620 1435 3665 es
1465 3600 1558 3669 taos
1582 3624 1603 3667 o
1674 3622 1676 3703 p

220 3699 376 3784 suppellex
392 3702 467 3767 bene
488 3710 589 3785 epteta
613 3712 785 3787 coeteraque
810 3723 881 3766 cm·
911 3700 946 3767 S.
961 3702 1001 3767 it.
1018 3703 1052 3768 0.
1074 3703 1209 3772 eicerem
1230 3707 1352 3788 inferre
1361 3712 1607 3788 meeum,

219 3808 272 3872 nia
292 3813 461 3875 necessarie
484 3809 637 3873 commode
659 3807 818 3875 distribute
831 3807 881 3895 ¹Jt
911 3809 1057 3895 udropart‘
1074 3831 1115 3879 es
1136 3812 1270 3880 Potestne
1290 3817 1388 3880 menie
1412 3818 1513 3897 dem
1540 3836 1604 3883 ae-
1675 3826 1676 3883 i

218 3913 379 3980 sedilium
401 3916 449 3980 vel
471 3916 600 3980 maxime
613 3917 705 3981 totius
728 3917 809 3981 secri
819 3922 882 3981 mi·
911 3919 1088 3985 nitentum
1108 3918 1371 4005 coposuerunt
1392 3922 1561 3989 deome‘

219 4023 336 4087 misterii
358 4019 600 4106 singulorumque
614 4025 880 4089 ecclesiasticorum
977 4026 1142 4109 Antequam
1172 4028 1342 4108 bipartitam
1367 4029 1451 4093 lunc
1478 4032 1608 4096 thesim
1674 4012 1676 4091 l

204 4128 403 4194 -imcuonum
432 4147 467 4194 ac
497 4133 746 4213 praescriptorum
772 4134 881 4196 rituum
911 4129 1104 4212 explicemus,
1127 4132 1183 4196 iou
1198 4151 1286 4197 unum
1302 4134 1610 4215 animadvertimus,

219 4256 279 4303 non
302 4238 401 4303 minue
420 4239 518 4318 prosi
531 4239 634 4303 volunt
649 4259 714 4303 esse
735 4246 879 4311 ornatum,
911 4255 971 4301 non
1016 4238 1084 4301 ideo
1122 4241 1382 4305 caeremoniarium
1419 4247 1614 4309 assistcnmi

94 4368 96 4373 ¹
219 4365 307 4429 quam
337 4346 486 4421 scientio,
524 4354 556 4408 ut
592 4345 635 4408 ita
663 4363 706 4409 sc.
737 4333 880 4427 prodesse
910 4343 1082 4424 presbytero
1096 4344 1216 4425 opponi,
1238 4345 1315 4429 quod
1331 4347 1381 4410 lic
1395 4348 1615 4416 sacerdotali

218 4454 344 4518 multum
365 4457 464 4535 pessit
486 4449 700 4536 adjuvandum
716 4452 826 4514 elerum
848 4454 880 4512 in
908 4446 949 4510 ait
976 4446 1110 4512 initiatus
1141 4450 1261 4531 ordine,
1292 4454 1351 4517 iste
1372 4474 1449 4520 vero
1477 4476 1617 4549 saepe-
1675 4444 1676 4455 ¹

218 4557 427 4640 persolvendis
447 4558 558 4620 divinis
575 4556 684 4623 oilieiis
704 4556 741 4619 ad
756 4560 880 4637 parien-
910 4572 1031 4617 numere
1054 4573 1096 4620 ex
1117 4556 1221 4622 ordine
1248 4559 1528 4627 subdiaconorum
1558 4572 1617 4626 111

220 4663 288 4726 dam
309 4662 553 4745 excitandamque
564 4661 667 4744 populi
684 4662 879 4743 devotionem,
911 4659 1120 4738 diaconorum
1155 4665 1225 4730 licet
1253 4685 1378 4748 namque
1415 4685 1622 4733 mamc-

242 4913 269 4978 ¹)
285 4917 355 4966 llaec
372 4921 443 4968 enim
460 4922 567 4982 proprie
583 4921 617 4972 ad
630 4921 744 4971 11111111
755 4924 880 4985 praedec-

285 5006 339 5052 tum
357 5007 500 5095 1111111111.
