3394 5220
171 139 252 214 aba

175 332 234 396 and
251 329 449 396 Uebelstande
472 331 601 409 ceruice,
623 331 713 396 deren
735 327 934 412 ntebtlrelllge
949 325 1063 426 Fnlgen
1077 325 1223 392 Nienrand
1246 323 1523 388 inrlbredastellen

172 438 265 510 wind,
295 438 341 500 bei
373 436 504 501 welcben
533 437 604 500 aber
632 436 686 500 dns
709 433 798 499 Ucbel
828 425 937 517 genade
960 432 1045 496 alarin
1067 431 1197 502 bestebt.
1228 431 1298 494 dass
1320 449 1386 493 man
1411 434 1455 493 eie
1477 427 1523 494 ala

167 543 369 626 pcrtnpfelpejq
390 543 450 606 ond
472 541 612 606 recbtlielr
638 540 835 626 gleiclrgtlltlg
856 537 1024 604 anarrselren
1045 541 1146 620 pdegt.

201 889 248 972 lle
276 893 460 996 praecipuis
488 893 727 996 discrepantiae
754 889 917 997 capitibus
946 889 1030 970 inter
1051 885 1221 970 idomenus
1249 910 1290 967 ec
1310 883 1498 990 Cisalpinos

725 1013 967 1098 coeremonias.

912 1175 992 1242 ‚stan
1013 1183 1127 1238 cepere,
1153 1177 1283 1236 quartanae
1300 1171 1446 1235 esterna,
1472 1183 1527 1222 non

859 1263 979 1330 matter,
998 1275 1053 1314 non
1066 1261 1142 1312 modo
1153 1263 1298 1326 incarneo
1309 1263 1363 1312 aaa
1379 1261 1526 1320 omnus,-

858 1352 1095 1418 maledocendo,
1114 1361 1196 1415 quana
1206 1349 1342 1409 jecman,-
1361 1352 1449 1412 napo
1468 1361 1526 1400 aro-

859 1442 957 1508 nendo,
977 1452 1058 1505 quam
1081 1434 1240 1492 minando·“

964 1527 1111 1590 (Benedici.
1130 1526 1189 1576 xlv.
1208 1529 1234 1578 5.
1252 1525 1322 1577 Nor.
1349 1527 1426 1578 aras.
1463 1527 1527 1594 „Aa

1138 1627 1169 1666 eo
1187 1610 1354 1679 tenpora.“)

492 1771 545 1828 lm
561 1773 737 1868 :lunam
754 1776 916 1842 partam
936 1752 1204 1828 lmmduatio.

161 1979 167 1996 Ι
306 1898 509 1964 venerandum
524 1898 642 1962 tuendis
658 1899 765 1962 ritibus
781 1898 1016 1980 praepositorum
1032 1898 1153 1961 Petrum
1169 1894 1338 1963 Consilium
1354 1899 1527 1964 temerariae

173 2005 405 2088 praecipitisque
427 2001 641 2086 imprudentiae
664 2006 758 2086 culpa,
782 2025 837 2087 qua
860 2002 932 2070 illud
957 2025 1016 2068 nnn
1033 2004 1222 2086 impudenter
1236 2003 1431 2086 minusquam
1446 2007 1526 2066 irra-

174 2120 313 2175 verenter
343 2109 490 2174 maculare
519 2113 582 2174 ausi
605 2121 675 2174 sunt
696 2109 845 2192 protervi,
874 2112 903 2172 in
927 2108 1021 2191 priori
1042 2119 1127 2190 parte
1152 2106 1186 2190 ¹)
1210 2113 1393 2181 exemimus,
1422 2115 1526 2170 oman-

173 2217 289 2288 dentes,
312 2215 345 2279 id
365 2216 439 2280 vitio
462 2215 600 2280 Patribus
621 2218 697 2280 verti
720 2233 843 2298 prorsus
864 2233 925 2280 non
949 2213 1068 2287 debere.
1093 2233 1183 2297 aquo
1207 2211 1264 2277 sibi
1287 2216 1383 2296 potina
1403 2216 1525 2295 magai-

174 2323 231 2388 bee
257 2322 375 2387 laudum
408 2325 562 2405 praeconia
591 2326 727 2407 polliceri
757 2330 864 2388 merito
890 2325 1020 2404 pnsalnt
1044 2355 1086 2370 -
1110 2321 1329 2402 Respondimus
1351 2318 1458 2384 deinde
1481 2315 1526 2382 il-

174 2431 270 2493 lorum
286 2430 406 2511 optatis,
430 2430 488 2512 qui,
511 2434 609 2493 omnis
633 2427 696 2493 doli
712 2439 861 2512 expertes,
883 2434 914 2494 in
937 2449 1107 2512 germanam
1129 2428 1263 2510 pluribus
1275 2429 1307 2490 S.
1318 2428 1354 2492 li·
1371 2425 1406 2491 C.
1418 2424 1526 2490 decre-

175 2540 214 2599 tis
226 2534 439 2621 subjiciendam
452 2542 627 2617 potestatem
643 2541 756 2599 sincere
772 2536 970 2618 inquirebant,
985 2535 1248 2618 collocavimasqua
1261 2532 1380 2596 tandem
1389 2529 1525 2602 nonnffiii

175 2646 275 2726 operis
297 2646 329 2704 in
351 2642 522 2722 aperiendis
545 2642 698 2717 ern'tert'a'a,
727 2661 849 2724 qnorum
879 2661 936 2722 ope
962 2640 1082 2704 diribcri
1107 2642 1137 2703 in
1161 2640 1234 2702 duas
1258 2637 1370 2702 classes
1393 2639 1526 2702 Romana

176 2749 294 2812 decreta
317 2757 454 2830 possunt.
480 2743 514 2832 ²)

305 2855 363 2918 Ast
384 2854 507 2918 vixdum
531 2874 647 2918 manum
670 2855 707 2918 ab
730 2873 819 2934 opere
842 2870 1077 2930 removeramus,
1103 2871 1179 2930 cunr,
1203 2855 1252 2936 qui
1273 2852 1360 2916 initio
1384 2850 1525 2932 refragati

169 2961 232 3046 jorn
257 2969 357 3039 erant,
382 2959 481 3042 palam
504 2962 591 3025 nobis
615 2961 830 3042 significarent,
853 2961 970 3022 veritati
995 2959 1111 3041 quidem
1134 2959 1220 3021 inniti
1240 2941 1396 3040 disputata
1414 2959 1446 3020 in
1467 2958 1527 3022 de-

173 3067 298 3132 cidendi
317 3085 468 3143 normam,
495 3087 588 3148 neque
615 3063 701 3128 sliam
718 3062 1000 3147 juda'cande'tepern
1022 3063 1232 3145 utplurimum
1255 3085 1273 3126 a
1294 3064 1433 3128 Patribus
1455 3083 1526 3129 eer-

173 3175 250 3246 uari‚
274 3193 358 3256 qnam
388 3171 479 3236 Urbr'a
501 3170 745 3235 consuetudines.
763 3167 796 3254 ³)
835 3169 893 3234 Sed
916 3168 1064 3254 objectare
1087 3171 1260 3252 pergebant,
1283 3170 1338 3234 bac
1354 3175 1420 3251 ipsc
1441 3170 1525 3234 arbi-

173 3278 273 3342 trandi
301 3278 512 3364 judicandique
549 3283 664 3340 ratione
700 3275 856 3357 multiplici
890 3275 1112 3357 imprudentiae
1142 3286 1265 3358 peccato
1302 3297 1336 3340 se
1374 3274 1527 3359 implicare

174 3389 294 3451 Rituum
318 3382 590 3466 congregationem
612 3391 701 3464 patet.
750 3381 860 3446 Omnes
884 3385 961 3446 enim
985 3386 1097 3464 sciunt,
1120 3381 1275 3450 alecidua
1296 3379 1408 3459 irata,
1428 3402 1528 3464 prae-

175 3494 264 3574 cipue
292 3511 362 3556 cero
393 3489 600 3570 altomonte,
630 3506 740 3556 sacrae
766 3491 973 3554 caeremoniae
1001 3509 1059 3554 non
1089 3510 1156 3554 carra
1175 3509 1273 3572 porea
1294 3490 1529 3554 adventantium

171 3602 398 3682 pcrepre'nornna
419 3595 601 3682 offendicula
614 3597 794 3678 perturbare·
807 3597 950 3662 a'ndecoro
965 3601 1070 3672 cantu,
1084 3595 1227 3663 ridiculis
1241 3594 1527 3679 qeatt'ertlatt‘ant'dua

175 3707 399 3788 auperfiar‘cpae
416 3723 547 3787 penarum
576 3708 607 3767 et
636 3705 750 3784 capitia
776 3702 1004 3782 tnfleaionrbua.
1053 3705 1102 3768 Sic
1125 3702 1182 3767 illi!
1220 3704 1304 3767 Unde
1328 3702 1446 3768 obvolvi
1468 3723 1524 3766 aas

171 3812 258 3896 soleo
282 3815 437 3896 cuppoetto
459 3812 568 3874 interne
590 3831 649 3874 non
673 3812 820 3874 immerito
844 3810 951 3874 debera
966 3811 1025 3873 sibi
1049 3819 1119 3874 sunt
1141 3812 1208 3874 visi.
1228 3847 1269 3858 -
1293 3811 1402 3876 Verum
1433 3811 1525 3872 nimis

174 3917 329 4002 splendida
351 3927 421 3982 sunt
444 3917 576 3979 Romana
598 3916 753 4000 exempla,
777 3936 849 4002 quae
870 3937 925 3998 per
947 3917 1048 3998 plures
1068 3919 1252 3980 continenter·
1274 3936 1370 3981 annos
1394 3916 1423 3980 io
1447 3914 1527 3980 alme

45 4025 50 4036 “
174 4027 252 4092 Urbe
281 4027 318 4088 de
349 4023 422 4088 cleri
451 4025 594 4106 religiosa
625 4042 774 4087 sacrorum
806 4023 913 4086 rituum
938 4023 1126 4088 observantia
1159 4024 1251 4106 deque
1274 4027 1431 4088 aversione
1451 4043 1526 4088 sus-

176 4139 324 4216 cepimus,
361 4152 418 4215 qaa
448 4137 581 4196 invectos
612 4141 713 4196 contra
748 4129 829 4212 leges
858 4128 954 4194 malos
985 4131 1095 4194 abusos
1132 4140 1217 4213 atque
1252 4151 1353 4194 omnes
1383 4131 1525 4195 ridiculas

175 4239 397 4324 superfluasqoa
420 4241 616 4300 caeremonias
638 4249 781 4319 respuunt
803 4237 944 4314 Romani,
974 4245 1005 4297 ut
1034 4233 1103 4301 illos
1127 4239 1244 4318 mermi
1268 4239 1368 4319 iniqua
1391 4235 1446 4300 bac
1469 4256 1525 4300 co-

175 4347 286 4412 lumnia
308 4347 411 4410 videre
434 4347 633 4411 indifferentes
655 4348 818 4428 possimus.
865 4341 1000 4424 Quonam
1031 4354 1127 4407 aotam
1160 4354 1245 4424 pacto
1266 4343 1449 4407 accusationi
1471 4362 1526 4405 oc-

176 4453 357 4516 curendum?
378 4451 498 4518 Scilicet
519 4454 615 4534 priori
630 4450 708 4531 parti
724 4449 891 4535 adjiciendo
913 4449 1046 4528 alteram,
1068 4453 1099 4512 in
1122 4469 1177 4531 qna
1200 4465 1258 4510 non
1275 4449 1392 4531 quidem
1408 4469 1527 4529 semper

233 4736 256 4802 ¹)
282 4738 345 4802 Gap.
365 4739 406 4789 lll.
427 4750 453 4788 n.
472 4737 515 4786 dt).
534 4735 656 4786 corallar.
675 4735 715 4786 lli.

230 4823 255 4891 i)
279 4825 342 4890 cap.
361 4822 400 4877 vl.
420 4837 451 4876 ne
464 4825 507 4876 bl.
526 4835 580 4888 aeq.
605 4847 608 4856 ι

231 4913 256 4980 ⁸)
281 4913 354 4966 iloni.
373 4927 399 4966 n.
417 4911 453 4965 80
471 4915 505 4964 ad
524 4911 586 4967 Cor.
603 4913 641 4964 lll.
