3302 5224
183 122 265 213 188

187 324 307 408 liceret3
334 336 367 394 nt
389 326 538 393 nundinas
567 328 707 392 accedere
733 329 761 392 ei
783 326 832 411 qut
861 325 1012 405 auderent,
1041 324 1110 409 ipso
1130 322 1211 392 iacto
1242 314 1471 411 dispensionem
1493 328 1546 394 in-

180 445 317 501 currant.
365 437 412 501 Ab
434 436 491 498 ime
513 433 610 499 edicto
632 433 729 498 clerus
751 437 924 515 provocarit
946 434 982 497 ad
1006 452 1122 497 sacrum
1144 434 1295 499 Emoreurn.
1329 434 1364 497 P.
1399 436 1434 499 P.
1468 453 1547 500 cona

187 540 513 608 arliocomenus.
537 547 749 623 interpretum,
777 539 959 605 contendens
987 558 1048 604 non
1069 560 1157 622 passe
1178 539 1357 624 Episcopum
1382 551 1546 607 eonsuetu-

186 650 272 713 dines
299 648 363 735 jam
390 649 528 713 inductas
554 647 731 711 auctoritate
760 664 813 708 sua
837 656 984 726 evertere,
1016 665 1104 729 quum
1127 664 1226 710 carrum
1250 644 1295 710 ris
1316 647 1464 711 innitatur
1480 647 1547 734 juri

186 756 349 827 communi,
372 757 431 818 cui
466 774 525 818 000
558 762 657 835 potest
689 752 857 835 Episcopus
886 751 1003 824 obuiam
1040 754 1101 825 ires
1131 755 1254 837 insuper
1283 755 1405 817 nimiam
1444 775 1546 818 carum

72 926 75 931 .
186 863 284 945 legum
307 865 496 944 asperitatem
519 868 669 925 notarunt.
715 860 797 924 Hinc
817 859 970 942 proposita
994 869 1064 923 sunt
1085 860 1158 925 baec
1180 862 1245 942 ipsa
1269 859 1373 925 dnbta:
1422 858 1460 946 t)
1492 858 1546 926 Aa

184 972 323 1052 episeopo
353 968 463 1035 liceret
485 966 644 1049 probibere
664 965 802 1031 omnibus
825 964 948 1032 clericis
970 966 1122 1051 quasdam
1142 969 1245 1030 cestes
1268 972 1361 1032 estro
1384 964 1548 1033 seelea'aaa

184 1076 372 1160 deferendos
392 1078 513 1159 piorum
535 1094 595 1139 asu
616 1077 648 1138 ct
668 1071 1065 1139 remearattuutoeeear
1087 1073 1309 1139 consuetudine
1330 1072 1547 1154 comprobatas

184 1196 341 1268 assasque
359 1182 505 1249 inducere
524 1181 619 1244 etiarn
638 1180 869 1245 s'oeernraodast
896 1178 937 1266 2)
959 1178 1010 1243 Aa
1033 1182 1065 1244 et
1086 1180 1229 1265 pmmodo
1250 1177 1425 1264 Episcopum
1442 1184 1548 1264 possit

180 1290 341 1373 prodidere
362 1286 496 1364 clericis,
517 1306 556 1351 ne
578 1284 754 1352 ceraunos
776 1306 845 1352 cunr
855 1286 1029 1367 faean‘nt'st
1053 1286 1093 1372 8)
1115 1287 1168 1352 Aa
1190 1286 1323 1352 edictam
1345 1287 1548 1372 0000110100·-

182 1401 306 1464 nenturo
321 1397 363 1461 ad
377 1395 535 1460 nundinas
547 1398 635 1457 cetat
649 1396 693 1461 sit
706 1395 928 1479 exspuendum,
950 1414 1004 1459 sea
1022 1396 1130 1476 potius
1145 1392 1287 1478 quomodo
1302 1393 1547 1459 moderamina?

318 1517 575 1611 Quuemadmodum
610 1518 676 1602 ipsa
705 1519 793 1583 dubia
829 1506 1015 1603 generaliter
1041 1528 1112 1582 sunt
1140 1519 1314 1601 proposita,
1352 1521 1393 1584 ita
1417 1507 1548 1605 ⁴puroque

183 1628 288 1695 Patres
320 1622 433 1710 Congr.
465 1624 567 1707 Cone,
597 1627 698 1709 utpote
728 1623 941 1690 universalium
971 1624 1071 1709 legum
1100 1626 1292 1708 interpretes,
1330 1624 1547 1690 declarationes

185 1756 256 1801 suas
280 1730 563 1812 aasbmsolisatare,
592 1734 621 1796 si
647 1733 689 1795 ita
717 1731 800 1814 loqui
828 1732 877 1796 tas
901 1738 965 1811 est,
994 1730 1084 1818 juxta
1107 1750 1259 1797 sacrorum
1283 1728 1429 1799 canonum
1452 1752 1548 1816 prae-

180 1844 331 1926 scriptum
354 1840 473 1906 dedere.

320 1972 373 2034 51.
418 1963 478 2027 Sed
500 1963 564 2027 tere
587 1952 661 2027 nibil
684 1983 803 2036 eorum,
826 1982 900 2047 quae
922 1964 1001 2028 dicta
1023 1964 1061 2029 de
1082 1958 1181 2051 primo
1203 1983 1312 2048 genera
1334 1974 1414 2044 sunt,
1437 1974 1548 2031 trana-

186 2075 261 2138 terri
283 2072 321 2137 ad
344 2071 468 2136 alteram
491 2073 753 2154 congregationum
776 2068 899 2135 classem
923 2078 1030 2155 potest
1073 2073 1183 2136 Earum
1206 2071 1375 2156 exemplum
1398 2071 1490 2139 trabea
1514 2074 1549 2155 in

182 2199 210 2244 s.
242 2178 481 2263 l'anprepate'ene
502 2174 646 2254 Rittium,
668 2178 716 2241 cui
747 2186 780 2240 ut
809 2164 968 2259 plurimum
990 2178 1186 2262 particulares
1209 2198 1314 2243 causum
1336 2189 1549 2261 proponuntur

182 2282 419 2369 cognoscendae.
465 2286 545 2349 Hinc
568 2285 685 2348 etiamsi
706 2284 821 2349 infinite
834 2286 1032 2350 rescribentes
1054 2287 1091 2350 ad
1108 2287 1262 2371 proposita
1283 2284 1386 2349 audias
1407 2281 1547 2353 taeomea'

183 2394 343 2459 brevitate:
366 2393 576 2474 affirmatis&
590 2392 751 2474 repotia,-
766 2389 868 2455 dt‘lata
876 2412 889 2473 ,·
904 2391 983 2455 uiuit
995 2393 1214 2459 immutandum
1221 2410 1235 2475 ,·
1248 2392 1395 2459 standum
1408 2390 1549 2475 decisis3

182 2498 400 2578 sacamentum
429 2498 463 2561 ia
487 2496 694 2578 particulari,
725 2496 840 2582 aliaque
863 2498 947 2562 bisce
969 2498 1097 2577 similia,
1127 2519 1202 2582 quae
1229 2496 1331 2582 legere
1354 2510 1401 2563 est
1422 2498 1456 2561 in
1477 2500 1548 2584 ipsa

182 2607 367 2671 decretorum
392 2604 574 2684 collectione,
597 2614 727 2669 attamen
748 2625 895 2687 responsa
918 2604 990 2668 baec
1013 2626 1073 2670 non
1097 2625 1215 2688 semper
1236 2605 1339 2670 cadem
1363 2607 1549 2673 extensione

184 2714 314 2797 gaudent
336 2732 371 2775 ao
394 2715 541 2795 rescripta
564 2715 674 2797 prioris
696 2711 810 2776 ordinis
835 2710 1124 2795 congregationum,
1151 2722 1222 2795 puto
1245 2711 1335 2799 Coap.
1360 2711 1449 2778 Ceae·
1474 2712 1548 2778 licet

187 2820 310 2885 eandem
333 2820 438 2884 satiem
462 2820 691 2903 praeseferre
714 2819 880 2883 videantur.
916 2815 945 2902 ¹)
990 2818 1179 2905 sejungenda
1201 2823 1294 2904 igitur
1317 2839 1355 2884 ex
1377 2821 1445 2901 ipso
1463 2839 1551 2900 pro·

182 2930 264 2991 nmo
293 2946 349 2991 saa
376 2929 468 3010 fonte
490 2935 559 2991 scunt
581 2928 715 2993 Romana
738 2926 865 2997 decreta,
889 2946 983 3010 nequeo
1006 2947 1065 2993 000
1087 2927 1214 3010 proinde
1235 2928 1316 2993 fasce
1339 2924 1549 3010 proponenda,

187 3035 264 3118 quod
296 3035 514 3099 ostendendum
545 3044 613 3097 ante
642 3035 741 3097 omnin
769 3052 1014 3115 susceperamua3
1048 3034 1194 3117 siquidem
1220 3031 1381 3119 generalia
1411 3052 1451 3098 ex
1480 3055 1550 3101 sese

181 3141 245 3205 siut
274 3139 410 3204 habende
441 3138 585 3217 decretu,
617 3161 691 3225 quoe
717 3141 850 3222 proiecta
872 3162 890 3205 n
910 3143 1013 3222 priore
1031 3161 1143 3226 periere
1157 3134 1441 3231 Ι00090090’1100000
1464 3153 1550 3223 sunt,

179 3244 388 3330 particularia
412 3248 633 3322 ceraunon
657 3245 877 3328 utplurimum,
900 3268 990 3330 saepe
1012 3246 1118 3311 saltem
1148 3246 1221 3331 prese
1250 3251 1287 3313 ab
1311 3248 1414 3314 ultera
1438 3250 1548 3324 classe.

181 3372 199 3417 a
229 3352 359 3415 secundo
389 3354 495 3418 ordina
518 3349 792 3437 congregationum
815 3355 1008 3436 prodierunt,
1043 3365 1075 3421 ut
1098 3372 1136 3419 cx
1159 3356 1198 3419 iis
1221 3353 1323 3439 liquet,
1358 3374 1431 3441 qrrae
1453 3359 1551 3422 tertio

182 3460 279 3541 capite
309 3459 391 3523 lutere
413 3461 572 3542 disputata.
624 3462 721 3543 Atqrra
750 3459 823 3523 haec
853 3461 989 3525 doctrina
1018 3461 1055 3526 de
1078 3462 1298 3545 distinguendis
1322 3463 1402 3527 dicta
1425 3466 1547 3529 ratione

182 3566 325 3631 Romanis
347 3566 476 3631 decretis
507 3564 558 3630 illa
590 3568 654 3650 ipsu
685 3576 747 3646 cst,
779 3586 852 3650 quiae
876 3568 988 3633 duabus
1011 3569 1118 3633 abhinc
1140 3570 1229 3632 annis
1251 3572 1408 3653 proposita
1431 3571 1549 3636 liomaa

181 3673 240 3739 luit
261 3672 293 3737 in
316 3673 516 3738 Universitate
539 3674 723 3757 Gregorinna
754 3672 832 3740 cett.
857 3677 942 3740 11000
973 3674 1147 3760 publiceque
1177 3687 1366 3761 propugnata
1389 3678 1551 3743 mensibus

183 3778 266 3867 diijo
287 3791 317 3844 et
339 3780 441 3844 donia.
603 3766 610 3781 '

318 3910 371 3972 52.
414 3905 486 3984 Ast,
518 3906 547 3968 si
577 3925 637 3969 000
663 3905 728 3993 jam
760 3907 797 3970 de
826 3904 967 3972 Romame
990 3909 1127 3974 decretis
1158 3910 1192 3972 in
1208 3929 1337 3994 peracre,
1366 3908 1420 3972 sed
1444 3908 1483 3972 de
1507 3911 1554 3974 iis

184 4034 286 4080 sermo
307 4012 451 4077 habeatur
473 4014 504 4076 in
527 4015 639 4099 specie,
664 4033 735 4097 quae
757 4011 791 4076 S.
810 4011 849 4077 li.
866 4013 899 4078 C.
923 4016 1026 4088 edidit,
1050 4022 1192 4100 quaenam
1216 4025 1302 4079 erunt
1317 4018 1425 4093 notae,
1449 4034 1554 4099 quae-

178 4140 247 4187 narn
269 4120 445 4203 prostabant
466 4121 608 4196 critere'a,
631 4123 736 4204 quibus
758 4121 896 4203 dignosci
918 4143 935 4186 a
957 4121 1183 4205 particularibus
1201 4118 1363 4207 generalia
1386 4128 1554 4205 possunt?

181 4230 298 4313 Ecquas
321 4226 541 4308 assignabimus
558 4229 706 4307 proprias
728 4225 828 4304 detes,
850 4248 924 4311 quas
939 4228 1074 4295 dabimus
1088 4228 1314 4313 distinguentes
1325 4232 1559 4313 proprietates,

185 4431 398 4453 *nu—m

235 4580 260 4649 ¹)
277 4582 406 4636 damiate
421 4580 600 4635 decretorum
617 4583 644 4633 8.
663 4581 692 4633 B.
713 4576 752 4649 ti,
771 4582 840 4647 qnod
858 4580 1111 4653 murmurassent,
1130 4578 1296 4649 apostoliens
1309 4578 1563 4643 caeremoniarum

284 4666 429 4737 iiagtster,
448 4670 547 4722 Rornae
565 4670 649 4722 edidit
666 4682 708 4722 an.
731 4670 810 4736 1858,
830 4682 863 4723 ss
880 4673 993 4726 decretis
1011 4678 1138 4743 continet,
1159 4666 1315 4741 „quidquid
1326 4675 1390 4725 siro
1407 4678 1563 4729 ecclesia·

290 4759 359 4808 stieo
376 4761 559 4825 mjascaapse
575 4758 693 4824 ordinis,
711 4760 862 4828 dignitatis,
881 4774 929 4813 scas
945 4762 1032 4830 offleii
1049 4766 1265 4831 asperserunt
1275 4767 1465 4816 necessariam
1481 4777 1562 4823 aas·

286 4841 406 4912 perut‘t
436 4846 474 4898 iit
490 4854 575 4900 nmen
593 4850 622 4900 tn
640 4848 690 4901 bes
707 4850 759 4902 rot.
778 4850 806 4902 tn
825 4850 857 4903 8ο
875 4864 937 4915 pag.
955 4852 1008 4905 seo
1026 4864 1108 4919 panes
1127 4852 1267 4906 admodum
1285 4856 1563 4929 aeacureperten,

288 4946 355 5001 quae
368 4940 514 5004 smeratts
530 4950 590 4991 esse
607 4938 701 4992 bostar
718 4940 830 4994 astatus
847 4942 970 4995 credidit.
