3372 5232
775 329 943 390 Titcciau
961 330 1048 389 111.

691 438 741 504 De
764 438 959 506 Alumnorunc
982 440 1122 506 Numero.
1187 409 1208 506 Α,

362 599 493 665 Ditiouis
516 589 689 664 Pontificius
708 587 892 674 Dimenses,
915 602 1081 684 Sublaqueo
1105 609 1133 662 et
1157 601 1324 663 Benevento
1347 592 1486 668 inclusis,
1510 599 1567 654 aunt

228 713 300 770 neco
321 721 412 790 supra
426 712 605 789 sexagintae
627 706 766 771 videlicet
781 709 1016 780 suburbicariae,
1039 701 1325 789 Aretnptseopatea,
1349 699 1569 783 etuptsanpun

229 813 276 876 vel
299 832 363 876 cum
387 833 444 876 una
467 822 580 878 tantum
604 814 742 878 cathedra
765 825 794 879 et
817 814 1013 887 civitatensi
1036 831 1102 876 cum
1125 814 1260 895 pluribus
1284 808 1433 872 cathedris
1455 816 1484 870 et
1504 807 1570 868 ctri-
1611 877 1617 906 Ι

229 907 339 985 tatibus
362 925 421 984 rite
441 925 543 984 unitis.
590 916 747 999 Quaelibet
770 921 924 985 Diorcasis
948 925 1035 984 unius
1066 919 1124 984 loci
1143 919 1212 1006 jure
1233 920 1377 1000 perpetuo
1400 915 1525 990 imteturc
1544 918 1567 974 in

230 1029 426 1094 iiioeceaibus
449 1032 541 1092 unitis
564 1026 734 1114 hujusmodl
757 1030 943 1110 privilegium
967 1026 1090 1092 alteruis
1109 1028 1226 1091 vicibus
1245 1011 1442 1088 exercebitur.
1487 1023 1570 1083 Senn-

230 1135 387 1218 galliensis
408 1133 573 1215 minensis,
599 1142 699 1219 utpote
723 1153 796 1216 purae
819 1137 963 1201 Nostrum
987 1136 1084 1198 octale
1107 1135 1212 1204 solum,
1237 1132 1361 1195 duorum
1384 1115 1514 1193 locurum
1531 1123 1571 1213 jus

231 1241 364 1306 babebit.
474 1269 479 1280 ·
1048 1295 1052 1304 .

205 1378 209 1392 =
363 1349 426 1414 Etsi
448 1367 518 1413 vcro
541 1347 711 1413 ordinarius
732 1345 930 1413 atumnomm
960 1367 1100 1412 uumerus
1128 1347 1167 1411 ad
1195 1343 1385 1428 septuaginta
1415 1346 1570 1426 pertingere

231 1457 352 1536 debeat,
380 1465 479 1519 tamen
503 1456 540 1519 ad
563 1457 739 1520 excitandos
763 1475 862 1520 aarum
881 1454 1025 1541 juvenum
1048 1455 1181 1530 animos,
1210 1453 1259 1537 qui
1282 1469 1320 1516 ex
1342 1455 1388 1514 ret
1413 1449 1573 1514 domesticae

231 1562 405 1626 difficultate
427 1563 556 1645 impares
580 1565 701 1627 omnino
722 1565 792 1628 sunt
814 1549 991 1646 patrimonio
1015 1561 1218 1629 ecclesiastico
1240 1559 1299 1624 sibi
1323 1555 1527 1640 comparando,
1550 1563 1574 1616 ut

231 1668 338 1755 majori
369 1663 558 1734 contentione
586 1670 624 1732 ad
652 1671 751 1734 studia
771 1671 968 1743 incumbant,
1004 1669 1178 1741 statuimus,
1207 1687 1246 1730 aa
1270 1667 1316 1730 l’ii
1339 1665 1496 1729 Seminarii
1520 1662 1574 1724 dote

230 1796 376 1841 summam
407 1777 523 1840 detrabi
551 1755 736 1840 nummorum
768 1785 948 1840 scutatorum
977 1777 1158 1859 octinginta,
1189 1793 1263 1857 quac
1294 1778 1326 1836 ia
1356 1781 1465 1854 aequat
1489 1775 1573 1852 parter

232 1884 328 1948 diuisa
348 1889 426 1966 sacri
448 1883 620 1968 patrimonii
642 1883 729 1947 titulo
752 1885 868 1948 duobos
892 1882 1023 1949 Clericis
1038 1883 1084 1947 Pil
1106 1881 1263 1946 memtm'rtt
1276 1881 1417 1944 Alumuia
1438 1872 1574 1940 inserviat

232 1992 280 2056 Ad
303 1990 477 2077 hujusmodi
499 1990 734 2073 consequendum
758 1989 930 2055 benaicinm
952 1989 1247 2072 posttcstimouium
1268 1987 1308 2052 de
1324 1991 1496 2070 paupertate
1511 1979 1575 2045 alia-

233 2105 294 2162 tum
322 2099 496 2161 instituatur
517 2096 667 2178 specimen
695 2115 713 2159 a
736 2095 889 2162 cardinali
910 2097 1050 2170 vicario,
1073 2115 1164 2178 anqrre
1185 2098 1319 2180 praemio
1341 2092 1499 2157 donandus
1522 2089 1576 2170 etit

233 2206 282 2286 qui
312 2207 418 2268 merito
447 2203 556 2266 ceteris
585 2203 759 2285 praestabit.
805 2203 861 2266 Ubi
891 2223 961 2267 vero
992 2206 1058 2286 ipsa
1085 2202 1183 2286 aliquo
1213 2204 1420 2268 ecclesiastico
1451 2197 1576 2262 beneficio

232 2310 334 2373 eadem
356 2329 470 2384 summa
492 2328 553 2373 nnn
577 2310 695 2388 minori,
718 2307 764 2382 vel
788 2307 846 2372 alin
861 2307 1068 2373 ecclesiastica
1081 2316 1223 2392 pensione
1240 2310 1369 2373 donatus
1382 2306 1484 2386 inerit,
1505 2304 1537 2368 ab
1550 2321 1576 2364 co

234 2420 414 2498 patrimonio
429 2415 557 2482 decidat.
592 2417 623 2480 Si
637 2425 735 2480 autem
754 2415 833 2481 desit
853 2417 973 2481 occasio
996 2415 1151 2484 deierandi
1173 2421 1395 2499 patrimonium,
1419 2424 1488 2480 tunc
1500 2414 1576 2478 locut

101 2571 107 2586 .
235 2523 285 2606 qni
314 2513 453 2605 superest
483 2519 655 2587 adtumni
682 2524 837 2588 Pontificio
868 2525 1041 2603 arbitrium,
1069 2535 1099 2590 et
1126 2522 1309 2588 volontatem
1342 2521 1388 2586 illi
1419 2517 1578 2586 mandatu

234 2629 379 2705 Diocaesi,
403 2650 491 2715 quam
514 2628 592 2693 idenr
615 2617 756 2696 Pontifex
778 2631 932 2714 praeferre
953 2631 1091 2696 coluerit.

784 2837 953 2900 ΗΜΝΙ
969 2842 1038 2899 W·

513 2944 515 2955 ¹
565 2955 617 3024 Dc
637 2955 833 3024 Alurmorunr
855 2959 1041 3024 admiratore
1062 2962 1094 3022 ai
1115 2955 1261 3024 morton.
1365 2965 1369 2974 '

254 3149 257 3156 ⁴
367 3115 565 3184 Seminarium
587 3116 673 3182 Pium
695 3117 797 3184 lutuno
820 3138 922 3184 mensa
944 3120 1099 3190 novembri
1121 3122 1237 3186 ineunte
1261 3121 1423 3200 aperietur.
1462 3115 1577 3178 iuvenca

234 3223 266 3287 in
294 3221 370 3288 illud
392 3223 568 3290 admittendi
596 3225 638 3290 ita
668 3223 825 3308 paullatim
856 3237 941 3292 crunt
971 3227 1099 3309 primum
1122 3225 1310 3309 excipiendi,
1342 3242 1374 3290 ut
1403 3226 1500 3306 tertio
1514 3234 1578 3282 aaut

232 3330 408 3414 praefinitus
429 3350 531 3397 eorum
553 3350 693 3399 nummus
715 3332 878 3414 expleatur.
926 3334 958 3398 ta
979 3333 1083 3400 codam
1098 3333 1265 3400 Seminario
1283 3330 1487 3420 juvencalipci
1499 3327 1578 3388 inati-

235 3437 357 3504 tutiunia
380 3457 549 3504 musanen
574 3439 649 3502 ulna
671 3458 783 3506 acaum
805 3458 913 3503 annum
936 3449 1100 3507 morentur.

357 3543 452 3610 .0rdn
474 3541 679 3628 alphabeticus
701 3544 890 3610 Diocaesium
914 3547 945 3612 in
967 3547 1007 3610 iis
1030 3544 1215 3630 excipiendis
1238 3552 1391 3620 armature
1413 3540 1467 3607 scd
1484 3531 1579 3604 (ilcrltl

235 3652 355 3723 sedium
378 3661 440 3718 tuna
461 3652 747 3730 suburbicariarum,
770 3661 833 3717 tom
844 3651 1151 3736 Arcbiepiacopaliura
1172 3659 1258 3721 crunt
1280 3647 1477 3718 anteiereudi.
1511 3643 1580 3708 Unus

234 3757 286 3824 rel
305 3758 409 3844 piures
432 3778 471 3824 ax
494 3758 596 3824 cadem
618 3758 758 3825 Dinecast
779 3766 922 3842 poterunt
944 3761 1053 3824 offerri.

370 3864 444 3930 Cum
467 3876 583 3948 tempus
604 3883 640 3928 ac
662 3865 769 3930 modus
783 3867 968 3930 invitationis
991 3877 1021 3932 et
1041 3865 1235 3935 admissionis
1250 3863 1296 3936 val
1313 3867 1350 3930 ab
1372 3870 1441 3948 ipsc
1463 3855 1579 3926 unctio

235 3971 398 4055 peculiares
421 3973 573 4053 postulent
595 3969 828 4051 sollicitudines,
855 3971 1024 4038 Cardinalis
1048 3974 1182 4038 vicarius
1205 3982 1310 4041 nostro
1333 3979 1405 4038 autu
1426 3961 1581 4050 encyclicas

234 4081 331 4144 mittet
343 4076 458 4143 litteras
472 4077 509 4141 ad
525 4096 628 4142 omnes
648 4082 678 4140 iu
694 4079 815 4144 Ditinnc
830 4078 988 4144 Pontificio
1000 4082 1159 4150 Sacrorum
1174 4081 1343 4160 Antistites,
1358 4088 1450 4144 cteos
1464 4069 1581 4139 monebit

234 4185 273 4250 de
294 4185 351 4252 boc
378 4183 524 4268 singulari
544 4185 656 4248 Nostro
678 4183 820 4249 beneficio
843 4183 971 4265 collato,
1001 4186 1038 4252 dc
1060 4168 1181 4255 dotibus
1202 4197 1232 4254 ct
1254 4188 1423 4259 muneribus
1441 4183 1580 4274 juranum

236 4291 328 4378 deque
352 4291 506 4360 doctrinae
528 4288 660 4372 periculo
683 4290 847 4358 subeundo.

369 4415 480 4484 ttlaatu
502 4413 610 4482 antem
632 4421 730 4500 prima
752 4427 875 4484 tonsum
896 4417 998 4486 donati
1021 4437 1060 4486 cx
1083 4419 1270 4486 Dioccccano
1291 4417 1458 4489 manaae
1480 4399 1580 4488 sumpti

154 4597 157 4608 ,
235 4533 323 4592 arant
342 4522 544 4604 Manum,
571 4541 640 4588 nam
662 4545 763 4591 eorum
785 4526 936 4594 institutio
958 4530 1077 4609 proprii
1099 4525 1245 4609 Episcopi
1266 4527 1348 4592 curia
1371 4529 1507 4604 suscepit
1528 4525 1579 4582 ¹⁰¹¹

235 4631 303 4698 iera
324 4630 527 4698 cenomaniam
549 4630 670 4714 praebet
691 4629 784 4696 iuturi
807 4649 996 4715 progressus,
1019 4653 1177 4716 eommquc
1200 4632 1377 4702 vocationis.

368 4753 464 4819 Nemo
485 4755 673 4828 adraim,
704 4754 766 4819 atat
787 4773 827 4820 cx
849 4764 1002 4823 mtaactaa
1021 4755 1098 4818 vitae
1128 4758 1245 4824 munna
1273 4757 1313 4821 ad
1332 4749 1531 4821 memmium
1549 4757 1579 4806 θ

237 4857 337 4926 vocari
364 4862 490 4942 sentiata
523 4863 573 4945 qui
602 4861 776 4951 hujusmodi
803 4865 961 4932 comtioua
988 4871 1084 4940 carm,
1118 4869 1251 4949 pomata
1281 4865 1377 4931 barba
1406 4853 1579 4946 poscas

1541 5070 1640 5099 --]

1355 5106 1357 5109 Ι
1365 5096 1525 5109 J-
