3392 5218
1432 142 1510 250 ³⁸1⁸

155 347 197 411 ait
219 354 301 413 certa
322 364 435 421 omma,
454 347 545 434 juxta
567 368 653 431 mam
676 350 707 411 tn
730 347 857 415 uuanda
878 345 1075 428 imputatione
1095 352 1265 417 versemur,
1295 351 1326 407 et
1353 339 1430 424 legis
1459 359 1514 404 ee-

155 450 343 523 clesiasticae
371 458 520 535 vigorem,
552 476 625 538 qaae
652 456 780 521 sotaldis
809 455 966 521 honestam
994 449 1230 517 ecclesiasticam
1251 447 1434 530 sepseram
1456 446 1513 511 de—

154 568 259 641 negat,
295 568 408 625 sartam
437 570 603 643 tectamque
636 572 827 632 conservem,
863 564 1017 643 seqrrentin
1048 558 1081 621 in
1118 553 1304 637 deplorando
1339 553 1512 642 hujusmodi

159 665 343 747 mendorum
365 686 444 744 casu,
468 667 609 733 duximus
631 690 686 751 pro
707 670 813 731 stricto
837 667 1041 731 observamine
1064 663 1310 745 praescribenda:

296 781 324 843 1·
361 773 436 837 (inm
459 773 577 839 Rituale
599 776 799 858 praescribat:
823 776 968 854 „Seipsos
991 771 1192 835 occidentibus
1215 771 1254 832 ob
1277 769 1514 850 desperationem
1619 800 1622 807 ·

154 877 201 943 rel
231 866 415 944 iracundiam
448 880 523 963 (uos
552 886 652 947 tumen
680 883 712 947 rt
739 901 778 945 ea
806 878 1178 961 emmerammum),
1210 876 1269 941 nisi
1298 885 1367 942 ante
1389 884 1514 939 morton

155 985 294 1051 dederint
324 992 416 1067 signa
444 994 658 1070 poenitentiae,
695 990 860 1070 negandam
888 1008 956 1051 osse
977 988 1158 1068 sepulturam
1181 985 1453 1055 ecclesiasticam;“
1484 990 1517 1044 ut

150 1090 270 1176 justum
292 1093 330 1159 de
350 1093 543 1175 imputatione
565 1101 676 1177 patrati
690 1095 823 1160 criminis
845 1099 944 1177 possit
965 1095 1055 1157 statui
1074 1091 1231 1176 judiciam,
1252 1094 1392 1172 inprimis
1414 1089 1516 1170 repui-

154 1199 278 1265 rendum
295 1210 344 1267 est
358 1206 564 1269 testimoniam
578 1204 733 1274 medicum,
758 1208 846 1266 unitas
869 1202 916 1264 rel
939 1201 988 1263 ubi
1010 1200 1041 1263 id
1065 1201 1130 1263 lieri
1143 1207 1258 1281 potest,
1279 1197 1404 1261 duorum
1425 1199 1515 1259 aaa·

155 1306 340 1370 medicorum
363 1311 479 1392 scripto
507 1310 707 1386 exarandum,
736 1329 828 1391 super
849 1318 928 1372 statu
949 1306 1058 1370 monus
1081 1326 1155 1370 sano
1177 1303 1225 1369 vel
1247 1306 1373 1382 insano,
1404 1307 1435 1366 in
1458 1322 1516 1388 quo

156 1412 316 1479 suicidium
337 1424 486 1496 patrantur
509 1421 558 1485 sit.
1300 1398 1303 1409 ⁴

289 1526 320 1586 2.
360 1522 429 1589 Hoc
457 1523 661 1589 testimonium
691 1523 798 1608 (unum
827 1524 875 1586 vel
904 1519 1007 1603 plura)
1037 1518 1065 1581 si
1092 1518 1210 1583 isveent
1232 1519 1366 1587 suicidac
1395 1517 1434 1583 ad
1454 1535 1516 1581 cx·

154 1627 332 1710 scalpendum
354 1637 504 1709 patrumm
526 1630 681 1712 flagitium,
703 1640 860 1712 antequam
871 1627 1021 1695 Sacerdos
1042 1632 1184 1709 exequias
1207 1625 1340 1698 inchoet,
1363 1645 1419 1707 par
1431 1621 1516 1689 Gan-

156 1739 252 1796 torem
275 1736 488 1803 confluentibus
512 1756 567 1820 pao
591 1736 729 1803 comitiva
752 1737 866 1800 inermis
887 1731 1023 1799 tblbm
1045 1742 1093 1797 est
1114 1730 1339 1814 perlegendum,
1361 1741 1394 1796 et
1415 1729 1516 1812 anl-

68 1876 73 1887 ,
157 1841 298 1915 amdam,
329 1838 419 1925 super
449 1862 509 1928 quo
539 1844 607 1911 dein
628 1845 766 1925 iungens,
790 1844 828 1906 cd
851 1839 1054 1924 praecavenda
1077 1840 1200 1903 sinistra
1217 1839 1348 1925 judicia,
1371 1848 1401 1901 et
1423 1855 1516 1901 scan-

155 1947 255 2011 dalum
282 1948 475 2037 pusillorum,
506 1948 612 2019 lidcles
642 1950 925 2035 praemonentem
949 1946 1097 2028 casulroc
1120 1945 1245 2029 (nempe
1266 1944 1402 2008 insaniae
1424 1964 1517 2027 pras-

156 2054 288 2119 cedentis
311 2053 363 2121 vel
386 2058 614 2122 concomitantia
630 2055 788 2140 debetum)
811 2057 848 2120 ab
872 2052 1010 2118 Ecclesia
1033 2074 1093 2116 nou
1117 2054 1258 2134 denegari
1280 2054 1471 2135 sepulturam.

289 2169 321 2229 3.
351 2164 383 2226 Si
405 2184 478 2226 vero
497 2165 716 2228 Testimonium
740 2163 887 2225 medicum
910 2182 969 2225 non
991 2158 1087 2225 valeat
1110 2161 1146 2223 ad
1170 2158 1271 2223 delicti
1293 2163 1517 2224 excusationem

156 2277 186 2332 et
207 2267 358 2350 sepultura
380 2268 587 2335 ecelesiastica
608 2270 781 2353 deneganda
796 2275 854 2349 sit,
877 2272 1096 2334 Testimonium
1111 2267 1257 2331 medicum
1280 2266 1383 2330 itidem
1407 2265 1463 2329 erit
1485 2267 1516 2328 io

156 2373 292 2439 Ecclesia
313 2376 471 2439 occasione
494 2376 661 2440 divinorum
685 2374 821 2441 fidelibus
852 2397 906 2458 per
929 2374 1071 2441 Curatum
1101 2373 1331 2458 praelegendum
1361 2383 1391 2437 et
1412 2371 1518 2454 publi-

156 2482 299 2554 candum,
325 2500 358 2545 ac
379 2502 468 2565 super
491 2502 525 2545 ao
548 2478 741 2565 simpliciter,
764 2482 869 2545 missis
892 2482 1029 2545 omnibus
1051 2482 1089 2544 ad
1112 2480 1249 2564 adjuncta
1271 2480 1443 2562 personalia
1464 2478 1517 2542 di-

157 2589 364 2672 gressionibus
387 2590 614 2675 declarandom,
643 2588 824 2673 sepulturam
847 2592 879 2652 in
902 2588 958 2651 boe
982 2607 1053 2653 casu
1076 2587 1115 2650 ab
1135 2585 1268 2651 Ecclesia
1291 2587 1441 2665 denegari.

291 2703 320 2762 t·
351 2691 469 2777 Quodsi
491 2718 563 2761 vero
585 2697 775 2763 Testimoaia
797 2695 979 2759 medicorum
1003 2697 1033 2757 in
1057 2695 1178 2758 diversa
1199 2694 1278 2757 sorte
1302 2692 1424 2764 abeant,
1460 2711 1518 2755 uno

154 2813 322 2881 asserente,
344 2802 439 2867 altero
462 2812 589 2887 negante
605 2805 761 2875 insaniam,
786 2822 851 2865 cunr
868 2823 941 2885 quae
957 2810 1027 2865 sunt
1041 2799 1154 2871 odiosa,
1178 2800 1368 2862 strictissime
1385 2804 1520 2880 oporteat

155 2905 364 2989 interpretari,
394 2910 519 2993 odisque
544 2910 607 2973 sint
628 2907 855 2990 restringenda,
886 2909 1005 2971 lusores
1028 2927 1098 2969 vero
1121 2905 1297 2989 ampliandi,
1329 2905 1468 2986 prudenti
1490 2914 1520 2969 ct
1600 2970 1605 2979 ,

154 3010 287 3077 discreto
310 3011 413 3077 Omati
432 3013 548 3101 judicio
571 3013 757 3098 relinquitur,
781 3034 834 3078 seu
859 3033 897 3077 ex
920 3014 988 3077 aliis
1012 3012 1144 3091 indictis,
1167 3021 1196 3075 et
1212 3012 1332 3076 testium
1347 3011 1518 3094 depositio-

154 3120 242 3183 nibus
264 3118 296 3182 id
318 3128 467 3197 statuere,
493 3121 569 3203 qood
592 3122 697 3184 literae
720 3129 749 3184 et
771 3124 891 3203 spiritui
914 3120 989 3201 legis
1002 3117 1220 3183 ecclesiasticae
1242 3120 1337 3202 magis
1354 3137 1519 3200 congruere

154 3226 213 3290 sibi
241 3230 337 3289 visum
367 3224 466 3291 inerit.
513 3226 551 3290 Et
580 3226 652 3290 baec
683 3227 721 3289 de
750 3228 933 3291 testimoniis
964 3228 1164 3303 medicorum,
1193 3247 1265 3310 quae
1295 3231 1384 3291 etiam
1408 3230 1439 3289 tn
1462 3225 1517 3289 boe

154 3340 307 3414 postremo
336 3352 404 3396 casa
427 3332 517 3419 juxta
545 3338 712 3416 praemissa
740 3334 917 3416 publicanda
949 3341 1049 3410 eruut3
1079 3342 1108 3395 et
1137 3353 1191 3397 sca
1214 3333 1371 3398 occasione
1393 3332 1518 3403 toneris,

156 3454 210 3502 seu
231 3442 263 3501 in
284 3438 419 3503 Ecclesia
441 3440 650 3522 exponendum
672 3442 747 3513 crit,
779 3458 833 3525 qua
865 3441 901 3503 de
925 3456 1014 3504 cause
1037 3439 1135 3503 danda
1157 3441 1204 3504 vel
1228 3436 1404 3523 deneganda
1426 3443 1465 3503 sit
1488 3438 1518 3500 in

157 3557 231 3608 casa
254 3546 406 3628 sepultura
432 3546 640 3611 ecclesiastica.

161 3666 166 3677 ·
289 3658 320 3718 5.
353 3649 579 3736 Quamprimum
611 3672 698 3718 casus
728 3655 848 3718 suicidii
877 3652 988 3718 Curato
1022 3658 1200 3732 innotuerit,
1231 3690 1275 3700 -
1307 3656 1369 3717 nisi
1400 3650 1521 3717 notoria

155 3769 234 3824 esset
254 3760 372 3824 insama
393 3760 524 3825 sulcidae
555 3796 597 3808 -
629 3781 699 3825 mox
723 3769 817 3826 testes
841 3760 1009 3836 adhibebit,
1032 3763 1081 3844 qui
1105 3760 1141 3823 de
1164 3748 1313 3848 adjunctis
1335 3759 1518 3844 praecedeu-

155 3864 244 3948 tibus,
260 3868 529 3933 concomitantibus
546 3877 575 3933 et
590 3868 836 3952 subsequentibus
852 3867 1095 3952 (poenitemini)
1119 3866 1268 3941 delictum,
1292 3888 1366 3952 quae
1381 3867 1520 3932 noverint

155 3971 315 4036 fateantur.
360 3972 523 4038 Fasstones
554 3973 724 4060 hujusmodi
756 3979 894 4048 testium,
925 3979 1020 4038 accito
1049 3972 1090 4037 ad
1118 3993 1243 4038 examen
1275 3996 1333 4039 ano
1363 3972 1460 4039 aliove
1483 3974 1518 4037 de

156 4074 343 4143 Primoribus
366 4078 606 4155 communitatis,
629 4079 677 4144 vel
698 4081 767 4145 aliis
789 4080 905 4144 idoneis
928 4084 1013 4157 viris,
1035 4079 1067 4142 in
1084 4081 1228 4164 scriptam
1251 4081 1440 4164 redigendae,
1464 4100 1519 4161 per

154 4185 282 4250 utentes
306 4195 336 4250 et
358 4193 472 4251 accitos
502 4187 539 4252 ad
571 4206 695 4252 examen
717 4191 801 4250 viros
824 4184 1060 4270 subsignandae,
1091 4188 1234 4270 ampliora
1258 4194 1406 4253 momenta
1426 4206 1518 4270 prae-

155 4290 267 4355 bebunt
285 4290 404 4379 judicit,
427 4294 637 4376 perduratum
660 4297 691 4358 in
714 4313 786 4358 casu
809 4293 1018 4377 depromendi,
1040 4294 1080 4356 sd
1102 4294 1230 4361 dandam
1252 4294 1299 4361 vel
1315 4294 1518 4377 denegandam

156 4394 339 4478 sepulturam
369 4400 606 4465 ecclesiasticam.
662 4396 779 4481 Quodsi
810 4421 882 4463 vero
910 4399 1115 4482 depositiones
1146 4400 1265 4466 testium
1294 4401 1448 4485 requisitis
1479 4402 1518 4468 ad

157 4502 377 4569 casuumncum
410 4509 603 4591 qualitatibus
633 4507 691 4570 rite
725 4511 938 4571 instructorum
968 4506 1043 4590 (pro
1064 4508 1186 4571 minimo
1209 4509 1333 4573 duorum
1356 4514 1438 4574 omni
1460 4508 1518 4575 tide

157 4610 334 4693 dignorum)
356 4614 547 4679 Testimonio
569 4614 685 4678 medico
708 4615 786 4679 lorte
808 4624 912 4696 aperte
937 4625 966 4678 ct
988 4612 1146 4680 manifeste
1169 4613 1383 4689 conbadicant,
1406 4616 1517 4683 illudve

159 4714 284 4797 elidant,
306 4719 447 4783 standum
470 4720 527 4784 crit
548 4741 605 4803 pro
629 4720 868 4804 depositionibus
891 4725 1022 4797 testium,
1050 4725 1099 4804 qut
1119 4721 1176 4783 boc
1199 4724 1231 4782 in
1253 4739 1323 4786 casu
1344 4732 1436 4789 testes
1459 4725 1518 4789 ad-

154 4819 278 4909 jurandi
301 4833 402 4904 erant,
432 4836 463 4890 et
485 4844 573 4891 casus
602 4862 646 4875 -
675 4832 705 4891 si
731 4846 787 4910 per
809 4836 929 4911 tempas
947 4826 1037 4892 licem
1059 4860 1101 4875 ·-
1125 4827 1163 4890 ad
1186 4826 1409 4896 Ordtnariatnm
1429 4830 1517 4911 bone,

158 4924 210 4993 rel
233 4939 313 4996 certa
336 4931 372 4997 V.
395 4934 433 4999 Α.
457 4935 623 4999 Diaconum
645 4933 704 5001 bne
726 4933 910 5017 recipiendae
931 4939 1106 5001 invnttouts
1128 4936 1382 5004 remonstrandus.
