3416 5222
1464 110 1645 202 di'

119 385 125 390 ,
158 324 274 380 enne.
321 311 479 396 Quomodo
500 331 585 399 ergo,
612 339 639 380 s.
664 317 866 401 Goagregatio
888 339 961 384 suas
983 320 1066 402 leges
1089 320 1167 384 ierti
1190 319 1307 404 quando
1328 337 1380 382 ana
1403 319 1521 382 decreta

154 423 349 506 promrdpati
385 417 516 502 Quando
548 443 657 506 nempe
688 425 854 490 lorinsecus
885 427 1009 510 quadam
1040 427 1213 489 adveniente
1238 446 1323 491 causa
1344 423 1522 508 impellitur,

157 527 277 612 qemun
299 530 478 594 extrinseca
499 530 540 594 ad
561 530 592 594 id
616 533 733 613 cogitur
755 537 957 598 necessitate.
1002 533 1161 615 Nrtnquam
1184 534 1247 596 iere
1270 535 1421 597 decretum
1440 534 1521 604 iacit,

152 647 206 700 aut
235 642 456 719 praescriptum
486 637 565 718 edit,
594 639 653 703 nisi
684 642 751 722 ipsa
780 643 865 723 prius
886 641 978 706 fuerit
1001 640 1200 722 interrogata,
1234 652 1267 704 ut
1289 639 1522 704 controversiam

155 743 305 826 quadam
327 744 467 809 dirimere
489 744 630 830 litemque
652 746 791 829 dignetur
814 767 1000 830 componere.
1048 747 1087 810 Et
1109 745 1177 810 binc
1200 756 1261 810 est:

179 868 220 948 1)
243 887 298 931 eur
326 871 418 933 toties
439 870 541 934 rideas
570 870 642 935 baec
672 873 798 953 abipsa
822 873 891 936 datu
912 889 1073 953 responsu:
1104 869 1248 950 „dilutu5
1280 871 1424 934 standum
1448 889 1523 933 cou-

250 973 452 1056 ruetudtiri;“
473 981 636 1042 remeatur
657 978 801 1043 rubricae
823 979 939 1062 aliaque
962 978 1045 1042 bisce
1072 975 1238 1040 simillima.

181 1079 224 1163 2)
248 1082 329 1146 Hine
352 1103 466 1167 quoque
489 1094 547 1163 est,
570 1105 623 1148 cur
643 1105 758 1151 sacram
781 1089 902 1152 Rituum
927 1086 1201 1168 congregationem
1224 1103 1442 1167 nonnumquam
1464 1085 1524 1148 de-

249 1187 421 1256 clinantem
436 1193 557 1256 mnino
585 1193 686 1257 uideas
715 1194 753 1256 ab
783 1189 887 1276 ulr'quo
910 1192 1066 1276 postulato
1096 1191 1217 1256 decreto
1241 1191 1373 1270 edendo,
1404 1210 1524 1274 remque

247 1305 342 1362 wtam
364 1300 565 1364 remittentem
577 1299 747 1377 ordinario,
771 1311 805 1362 ut
819 1319 858 1364 ex
873 1301 1014 1383 prudenti
1029 1319 1084 1364 suo
1100 1300 1242 1378 arbitrio,
1265 1299 1336 1382 quid
1350 1299 1390 1361 sit
1408 1299 1524 1362 iacien-

246 1403 334 1476 dum.
364 1403 480 1486 edicat3
516 1409 602 1472 timet
627 1425 770 1492 namque,
806 1427 843 1471 ne
874 1427 909 1470 aa
938 1425 1016 1470 nunc
1046 1408 1144 1489 potius
1166 1405 1245 1470 fideli
1276 1405 1388 1488 populo
1418 1423 1525 1468 nocere

249 1511 387 1592 possint,
410 1531 484 1596 quae
506 1511 581 1578 alias
604 1512 669 1599 jnn
691 1535 748 1596 pru
770 1515 898 1579 dirersis
921 1522 1086 1594 temporum
1110 1509 1300 1596 locorumque
1322 1516 1525 1576 circumstan-

247 1617 300 1682 tiis
325 1617 368 1684 uti
391 1618 531 1686 etruria
552 1628 583 1686 ct
604 1622 737 1686 maxim
758 1621 796 1685 ad
819 1619 977 1703 spirituale
1001 1621 1112 1684 bonum
1135 1620 1329 1686 conducentia
1351 1620 1526 1702 acongre-

246 1725 371 1805 gationa
393 1725 478 1791 iuara
494 1727 604 1794 decbr.
650 1728 700 1793 Sic
715 1727 817 1807 babes,
841 1737 873 1792 ut
888 1726 975 1813 hujuu
990 1728 1037 1790 rei
1052 1725 1172 1810 aliquod
1195 1729 1346 1808 specimen
1358 1728 1525 1803 exhibeam,

246 1833 426 1914 rescriptum
455 1833 510 1897 sub
541 1839 573 1902 7.
595 1836 670 1902 Dec.
698 1855 748 1901 an.
779 1841 862 1902 lssdd
886 1835 971 1900 limo.
1005 1842 1035 1898 et
1064 1834 1151 1897 limo.
1175 1835 1215 1900 D.
1240 1833 1394 1899 cardinali
1415 1833 1527 1900 Archi-

248 1939 549 2020 epiacopcdauueusi
565 1941 676 2020 datum,
699 1942 777 2024 quod
799 1941 1068 2006 luculentissimum
1091 1940 1160 2004 buic
1182 1943 1302 2004 ueritati
1323 1941 1526 2004 testimonium

249 2046 385 2127 praebat·
439 2047 474 2111 ln
503 2049 641 2112 omnibus
673 2050 762 2115 Urbis
792 2049 928 2114 ecclesiis
962 2048 1172 2132 praescribunt
1201 2049 1347 2121 aethrione,
1380 2056 1411 2112 ut
1442 2066 1527 2110 sacra

247 2155 418 2220 communio
441 2153 638 2219 distribuatur
660 2158 770 2240 populo
793 2158 824 2220 iu
846 2158 912 2238 ipsa
928 2159 1028 2234 missa,
1052 2156 1174 2218 minime
1198 2175 1269 2220 vero
1285 2153 1405 2238 expleto
1427 2155 1527 2217 sacri-

246 2260 333 2338 licio,
369 2279 464 2342 quam.
487 2261 733 2328 consuetudinem
762 2284 802 2327 ex
831 2265 981 2328 Romarm
1009 2260 1153 2324 acclesiae
1183 2262 1311 2326 rubricis
1343 2259 1524 2344 postulatam

244 2385 315 2432 cum
336 2367 484 2449 parochus
508 2367 648 2434 ecclesiae
675 2389 702 2434 s.
725 2371 880 2437 Octaviani
909 2371 941 2433 in
965 2371 1083 2432 civitate
1105 2369 1253 2432 bunnensi
1275 2370 1465 2433 introducere
1488 2368 1521 2430 in

245 2495 303 2540 sua
334 2474 475 2556 perusinia
505 2473 612 2556 vellat,
644 2496 766 2564 cumque
794 2477 832 2542 ob
854 2476 930 2540 banc
952 2479 1114 2541 munimem
1136 2474 1367 2558 obloquerentur
1388 2473 1524 2558 plurimi,

247 2581 337 2648 datas
367 2601 406 2648 ax
438 2586 586 2651 muneri
615 2603 764 2650 consensu
793 2592 865 2650 sunt
892 2603 922 2646 s·
953 2583 989 2647 R.
1022 2582 1058 2649 C.
1088 2599 1210 2664 preces,
1241 2585 1278 2644 aet
1298 2583 1368 2664 ipsu
1392 2581 1522 2658 defietire

245 2688 444 2772 comesor,
464 2691 590 2758 ιιιίιιιιιιι
611 2693 656 2756 ra't
676 2691 821 2758 elumen
843 2692 940 2754 urnii
963 2691 1029 2768 Ast,
1051 2689 1153 2766 „limi
1176 2697 1206 2754 et
1218 2687 1298 2751 er'.
1322 2684 1365 2750 D.
1381 2685 1425 2751 1).
1444 2685 1529 2748 Oar-

246 2793 372 2860 dr'aulea
399 2831 445 2844 —·
472 2797 563 2862 rerba
593 2807 665 2862 sunt
692 2801 832 2881 rescripti
859 2831 905 2846 -·-
932 2798 1039 2862 rueme
1063 2797 1186 2860 turbu
1215 2796 1332 2859 ritibus
1351 2795 1530 2876 pruepoem

246 2899 375 2988 numia
402 2902 508 2968 scdulo
535 2906 774 2988 perpendentes,
804 2908 878 2990 quin
909 2904 1029 2988 utque
1051 2903 1169 2969 directe
1190 2900 1325 2985 supplici
1344 2897 1441 2966 libello
1464 2919 1522 2963 re-

250 3007 453 3088 sponderent,
482 3013 516 3074 tlt
546 3012 719 3077 uuteouu
747 3014 882 3078 conetur
911 3013 1011 3078 uuae
1040 3027 1196 3089 sumpsere
1221 3007 1384 3074 connitum
1406 3008 1445 3072 de
1466 3023 1527 3071 ec-

247 3117 363 3195 ponus
374 3113 658 3187 summosam
672 3119 873 3186 budinarium
896 3119 1056 3183 certiorem
1073 3115 1210 3192 reddere,
1233 3121 1323 3180 ut...
1347 3117 1530 3202 &murem

246 3221 413 3303 precidem
439 3243 479 3290 uc
510 3225 638 3311 mapula
662 3246 836 3311 conponere
864 3261 910 3274 -
940 3259 986 3274 -
1017 3259 1061 3276 -
1089 3243 1130 3287 ne
1156 3223 1366 3288 dimensiones
1397 3221 1531 3287 alteriue

245 3329 535 3414 praeuenerent
587 3335 657 3402 Nou
685 3344 733 3400 ast
762 3355 835 3416 ergo
863 3352 983 3416 semper
1021 3335 1131 3396 coutru
1167 3336 1294 3398 micea
1327 3333 1529 3397 Romanorum

248 3435 386 3517 aarum
408 3439 438 3505 ei
460 3439 530 3522 quid
550 3440 630 3504 torta
652 3460 671 3505 a
692 3441 824 3509 decretis
845 3439 975 3506 ahenum
1000 3441 1032 3502 in
1051 3437 1230 3521 particulari
1253 3439 1376 3524 quadam
1400 3433 1530 3502 ecclesia

250 3543 460 3623 custodiatur
483 3543 662 3612 uuauutu
684 3547 778 3628 igitur
800 3566 864 3612 non
886 3554 958 3610 sunt
979 3548 1082 3612 ornuiu
1103 3546 1223 3610 cma’uo
1238 3547 1271 3612 S.
1287 3545 1323 3610 R.
1341 3543 1376 3608 0.
1400 3545 1530 3610 decreta.

297 3673 352 3734 2⁶.
375 3669 444 3733 Huc
467 3669 575 3734 deiude
603 3672 719 3734 iaciunt
748 3673 853 3735 omnia
875 3670 935 3734 iata
958 3669 1088 3747 decreta,
1112 3689 1185 3754 qnae
1207 3669 1404 3750 sibimetipsis
1424 3689 1439 3730 e
1462 3666 1531 3730 dia-

152 3783 259 3839 metro
282 3781 354 3838 auat
375 3778 513 3857 opposita
535 3786 627 3860 atqua
646 3778 738 3840 etiam
759 3777 874 3840 directe
896 3779 1048 3841 contraria
1063 3797 1092 3838 v.
1109 3797 1138 3858 g.
1163 3773 1237 3853 illa,
1261 3795 1333 3859 quae
1356 3776 1388 3837 in
1411 3773 1530 3838 decreto

149 3881 192 3946 da
235 3884 496 3959 ruminandis
539 3883 578 3946 da
621 3901 676 3966 qua
720 3883 884 3949 honoribus
930 3885 1120 3950 inveniuntur
1162 3900 1307 3948 concessa
1348 3879 1529 3964 probataque

150 3993 212 4054 2d.
241 3985 341 4068 April.
362 4007 413 4052 aa.
440 3992 526 4057 idib
549 3990 581 4052 iu
606 3987 848 4070 amputem,
871 4009 1017 4076 expresse
1041 3991 1231 4054 inveniuntur
1251 3997 1358 4070 negata
1371 4007 1404 4052 ae
1418 3986 1531 4072 rejecta

152 4097 189 4162 iu
214 4089 412 4160 Lauretum
438 4099 488 4165 tr.
510 4094 611 4178 aput.
640 4115 689 4165 aa.
715 4103 815 4176 1⁷1⁷,
839 4099 909 4181 quin
927 4107 1031 4161 ‘umen
1054 4099 1168 4180 prioris
1191 4095 1304 4159 decreti
1325 4114 1382 4176 per
1402 4091 1531 4157 alterum

151 4198 258 4268 fuerit
279 4201 372 4266 robur
392 4203 563 4268 intratum.
608 4203 659 4266 Ex
684 4204 788 4286 quibua
810 4202 885 4268 nibil
901 4203 983 4270 aliud
1006 4211 1087 4267 corte
1110 4201 1327 4287 colligereeat,
1352 4221 1436 4284 quam
1453 4197 1531 4282 quod

150 4311 188 4378 Β.
213 4303 259 4374 lt
282 4302 322 4374 C.
344 4327 398 4374 aaa
419 4308 528 4392 placita
550 4329 612 4374 nna
634 4327 754 4392 sempor
775 4310 813 4374 ad
835 4319 927 4374 totam
953 4308 1026 4374 velit
1055 4309 1209 4374 ecclesiam
1232 4317 1367 4380 extensa,
1393 4306 1528 4390 quodque

156 4416 236 4486 aeda
256 4411 377 4498 legibus
396 4437 458 4482 auu
482 4435 602 4499 samper
622 4416 758 4484 intendat
779 4433 884 4481 omnes
907 4417 967 4480 sibi
989 4417 1097 4480 babere
1120 4414 1222 4480 adeles
1244 4416 1402 4481 obnoxios.

300 4523 438 4600 „Mirum
452 4543 495 4588 ae.
518 4541 578 4588 non
592 4527 652 4600 erl,
674 4524 717 4588 ait
740 4523 844 4587 limus.
865 4521 908 4587 1).
932 4520 1106 4587 Gardellim'
1127 4521 1172 4608 ¹),
1195 4528 1228 4588 ιι·
1248 4539 1402 4605 apperens
1424 4520 1534 4604 ulique

152 4627 372 4700 mtrude'etr'e
394 4631 429 4698 ta
453 4630 618 4714 praesulta
644 4630 778 4701 eureus
806 4635 968 4706 maeret,
997 4631 1071 4714 put‘u
1092 4633 1130 4695 ut
1150 4629 1315 4712 prunnon
1336 4630 1371 4692 ιἰι
1394 4627 1479 4692 birca
1501 4627 1535 4689 et

225 4928 444 4994 &comm
462 4931 534 4990 daur.
554 4931 580 4990 8.
600 4929 633 4988 a.
652 4931 682 4990 c.
700 4935 801 4990 aanor.
820 4929 1225 4998 atuadcnqnaionnacattoata
1241 4936 1372 4982 uremur.
