3432 5230
225 51 303 143 dib

259 268 264 277 ·
359 239 436 317 cum
459 246 494 311 iu
516 243 683 325 demiseris
712 240 768 311 Pin
795 183 966 323 smdicrum
994 238 1220 307 curriculuma
1241 235 1443 322 Philosophia
1469 238 1594 307 initiam

226 351 334 421 ducere
354 348 477 421 debeat.
507 346 616 413 Clerici
639 349 780 430 petitores
802 346 954 428 specimen
977 345 1122 410 exhibere
1149 354 1293 441 tenentur
1316 346 1353 413 de
1380 346 1595 413 humaniorum

226 454 401 535 litterarum,
424 454 599 518 Rhetoricae
622 458 707 527 artis,
730 463 760 516 et
781 449 873 516 latine
894 453 1013 534 linguae
1035 454 1152 534 peritia,
1176 439 1263 535 quam
1287 457 1402 535 scripto
1424 454 1595 537 experian-

226 574 275 633 tur
296 571 427 647 oportet.
1255 542 1258 549 ’
1371 562 1373 565 ·

362 666 398 739 1⁰
420 671 517 753 Super
546 678 737 753 argumento,
768 665 845 749 quod
876 685 914 730 ex
944 665 1107 749 improviso
1135 670 1335 750 propositum,
1365 668 1458 731 latina
1488 665 1595 733 soluta

227 781 375 852 eratione,
398 774 533 839 velutin
555 776 724 840 Rhetoricis
748 770 869 836 Scbolis
892 773 957 836 ticri
978 774 1070 852 solet,
1100 778 1158 837 erit
1182 773 1429 855 componendum,
1452 783 1595 841 tractau-

227 885 307 959 dum,
332 895 361 950 et
384 882 588 949 scribendum.

360 996 391 1056 2.
414 988 488 1055 lum
511 994 543 1052 in
567 986 660 1052 latina
680 989 764 1070 poesi
785 1008 875 1070 super
895 996 1079 1069 argumento,
1099 986 1186 1071 quod
1200 986 1313 1069 pariter
1335 995 1510 1070 extempere
1534 993 1596 1053 erit

225 1097 464 1182 proponendum,
484 1104 580 1158 metro
604 1093 644 1159 ad
664 1094 821 1161 Antistitis
843 1096 999 1161 arbitrium
1021 1104 1187 1177 assumpto.

360 1210 394 1273 3.
412 1203 448 1267 ln
470 1202 667 1293 extemporali
688 1199 788 1269 italica
803 1196 999 1269 ennecone
1014 1198 1142 1285 alicujus
1158 1198 1320 1265 clarissimi
1335 1200 1477 1267 Auctoris
1490 1202 1594 1277 latini.

360 1311 394 1374 Si
417 1308 592 1373 candidatam
613 1308 715 1371 rhetor
737 1307 899 1394 rejiciatur,
931 1313 1010 1370 intra
1034 1326 1089 1370 sex
1112 1326 1230 1371 menses
1255 1308 1293 1372 ad
1315 1307 1441 1373 alterum
1463 1309 1596 1391 experi-

228 1427 358 1483 mentum
381 1414 520 1479 accedarc
541 1413 585 1478 eis
608 1414 656 1478 ias
680 1415 747 1477 erit.
793 1414 852 1478 Pro
875 1416 1069 1479 Dioecesibus
1099 1412 1221 1477 insimul
1246 1413 1361 1499 junctis
1388 1415 1438 1478 ubi
1459 1416 1595 1497 primun

227 1524 465 1608 experimentum
494 1524 680 1603 improspere
711 1519 867 1600 succedat,
900 1541 1002 1587 aarum
1023 1521 1190 1603 Episcopus
1222 1521 1378 1585 admittere
1409 1522 1523 1605 poterit
1556 1521 1595 1584 ad

228 1649 355 1695 examen
387 1626 534 1692 clericum
569 1625 692 1690 alterius
730 1647 801 1695 suec
829 1627 998 1696 Dioecesis.
1051 1626 1168 1705 verum
1193 1625 1222 1690 si
1251 1629 1407 1692 Dioecesis
1444 1627 1596 1712 quaeiIbet

228 1736 396 1801 candidato
418 1744 525 1808 careat,
549 1730 722 1799 cardinalis
737 1734 876 1823 Vicarius
899 1734 1023 1799 arbitrio
1045 1753 1099 1827 suo
1122 1734 1279 1797 advocabit
1294 1732 1444 1798 clericum
1467 1737 1594 1799 alterius

227 1842 382 1907 Dioecesis
405 1838 570 1925 populosae
594 1849 623 1904 et
643 1838 765 1920 indigae
779 1845 896 1904 ratione
918 1844 955 1903 in'
972 1844 1078 1923 primis
1094 1840 1193 1905 habita
1207 1837 1408 1924 l'regeilarum
1421 1842 1595 1922 Dteecests,

228 1969 301 2035 quae
322 1949 354 2011 S.
378 1949 448 2012 Sedi
478 1946 611 2034 subjecte
639 1946 719 2009 intra
739 1945 813 2009 lines
836 1947 1030 2029 Neapolitani
1050 1948 1146 2027 Regni
1174 1953 1233 2011 sita
1264 1957 1318 2010 est.
1364 1940 1461 2028 Quum
1493 1946 1595 2032 aliqua

227 2054 385 2119 Dioecesis
407 2063 533 2137 nequeat
555 2054 693 2119 idoneum
715 2053 832 2116 mittere
854 2041 1023 2134 Alumdum,
1046 2055 1167 2120 debebit
1189 2062 1348 2136 expectare
1372 2054 1466 2119 donec
1490 2053 1595 2120 cleri-

228 2176 281 2225 cus
304 2163 381 2225 alius
401 2160 434 2223 in
457 2158 523 2246 ejus
545 2162 642 2224 locum
665 2160 804 2223 suiectus
820 2161 985 2224 studiorum
1002 2158 1171 2244 expleverit
1187 2181 1315 2240 crrrsum,
1337 2162 1386 2224 vel
1408 2163 1513 2248 quavis
1533 2160 1595 2225 alia

229 2267 264 2331 de
287 2286 377 2331 causa
399 2264 577 2330 admissioni
599 2264 689 2329 inerit
717 2266 811 2330 locus.
855 2266 948 2331 Nulla
969 2268 1128 2331 Dioecesis
1150 2268 1311 2349 privilegio
1332 2266 1375 2330 uti
1396 2271 1510 2351 poterit
1531 2266 1592 2331 duo

228 2372 357 2438 habendi
380 2378 411 2437 in
434 2370 598 2437 seminario
620 2370 674 2435 Pio
694 2372 770 2447 loca,
794 2382 920 2455 excepta
941 2375 1160 2456 senogalliensi
1183 2372 1332 2439 Dioecesi.

362 2482 508 2546 alumnus
536 2479 671 2561 legitimo
694 2486 898 2565 experimento
926 2481 1106 2563 adprobatus
1134 2485 1166 2544 in
1189 2480 1387 2544 Seminarium
1416 2479 1593 2544 admittetur

228 2588 395 2656 scholarum
424 2590 520 2652 initio.
575 2587 691 2652 Gemite
721 2588 846 2653 Rectore
876 2588 1027 2652 Summum
1058 2588 1145 2651 adeat
1173 2586 1365 2667 Penuoeem,
1397 2594 1430 2650 ut
1458 2580 1592 2651 debitam

227 2704 363 2778 praestet
385 2697 575 2778 obsequium,
605 2704 636 2758 et
662 2696 870 2774 reverentiam,
899 2696 1027 2777 itemque
1057 2693 1245 2759 Cardinalem
1265 2694 1430 2761 Vicarium·
1483 2695 1589 2759 urion

228 2802 375 2867 mensium
397 2801 498 2885 spatio
521 2802 577 2865 sub
600 2805 700 2884 specle
722 2802 863 2884 tyrocinii
884 2802 1007 2884 propria
1028 2786 1113 2866 veste
1134 2801 1256 2867 indutus
1279 2806 1312 2865 in
1326 2802 1494 2866 seminario
1510 2810 1592 2865 tam-

230 2930 317 2993 quam
332 2909 362 2973 iu
377 2908 625 2999 bospitio‘degat,
649 2907 702 2972 sed
717 2906 844 2991 legibus,
867 2904 995 2992 aliisque
1018 2918 1183 2974 ceterorum
1197 2897 1391 2985 alumnorum
1414 2908 1589 2985 muneribus

227 3017 386 3082 obnoxius.
442 3016 545 3080 Tertio
575 3016 678 3098 elapso
711 3034 826 3090 meuse,
858 3014 960 3079 decem
990 3015 1054 3079 dies
1083 3016 1290 3099 spiritualibus
1323 3015 1590 3081 exercitationibus

228 3132 330 3196 arcete
357 3122 524 3206 maden
546 3127 642 3189 totius
663 3131 816 3187 anteactae
844 3125 924 3187 vitae
946 3123 1167 3191 malassicuem
1195 3131 1339 3208 peragam
1365 3130 1485 3205 oportet
1511 3120 1590 3186 enim

228 3237 262 3297 ut
282 3233 421 3314 pictatis,
449 3239 484 3293 ct
509 3230 728 3297 sedeciaeticae
755 3233 836 3293 ritae
864 3228 1057 3297 fundamenta
1076 3230 1190 3318 jaciat,
1219 3242 1249 3299 et
1270 3230 1475 3312 cambonem,
1502 3247 1590 3317 qum

229 3337 313 3405 Deua
333 3337 381 3401 illi
400 3336 550 3419 impertiri
572 3336 714 3419 dignatus
737 3344 794 3414 eat,
814 3337 896 3401 aerio
918 3336 1092 3419 perpendat

229 3514 234 3521 ,
327 3472 330 3483 =
360 3443 479 3511 Deinde
500 3462 539 3509 ex
560 3443 718 3527 prudentia
738 3450 769 3509 et
793 3443 919 3507 arbitrio
941 3444 1081 3509 Rectoris
1109 3447 1261 3529 propriam
1284 3445 1446 3511 Seminarli
1476 3453 1592 3507 vastem

228 3555 374 3630 assumat,
405 3569 480 3633 quae
507 3551 612 3613 talaris
642 3553 700 3613 crit
724 3552 807 3635 nigri
835 3550 947 3615 coloris
977 3569 1044 3617 cunr
1074 3548 1167 3633 pallio
1188 3570 1280 3636 aeque
1301 3554 1407 3634 nigre,
1436 3559 1467 3615 ct
1494 3551 1590 3615 taren

230 3657 340 3723 coloris
362 3658 497 3727 violacei.
541 3655 585 3721 Eo
614 3656 662 3719 die
690 3664 850 3743 postquem
872 3659 973 3722 Sacris
1003 3658 1170 3731 adstiterit,
1198 3666 1228 3722 et
1249 3656 1455 3729 Encbmistiae
1483 3675 1591 3723 mera-

152 3836 154 3839 ,
229 3748 385 3849 mentesa
405 3763 555 3843 refecerit,
572 3758 786 3847 jusjurandum
808 3764 879 3841 dare
901 3763 989 3831 debet
1011 3784 1103 3849 supra
1123 3773 1229 3830 sancta
1249 3765 1417 3848 Evangelia,
1445 3762 1524 3829 velle
1545 3784 1591 3843 se,

228 3871 386 3937 absolmis·
399 3873 430 3937 in
453 3867 618 3935 seminario
649 3870 774 3951 studiis,
803 3872 837 3937 in
862 3877 1004 3957 propriae
1029 3870 1185 3937 Dicecesis
1213 3882 1243 3939 et
1264 3872 1410 3955 Episcopi
1437 3871 1592 3936 seruitim

228 3980 411 4062 remigrare,
433 3976 512 4062 quod
533 3975 651 4061 quidem
673 3986 772 4055 actum
792 3982 827 4042 in
843 3968 966 4047 ,tabulis
989 3978 1151 4059 referatur,
1173 4000 1193 4043 a
1214 3981 1353 4053 Rectore,
1374 3997 1393 4041 a
1414 3976 1590 4050 &eddam

227 4106 264 4152 ac
298 4087 413 4155 duobos
439 4084 566 4151 testibus
595 4086 855 4152 subscribendum.
899 4087 989 4153 Solus
1016 4088 1170 4171 legitimus
1197 4087 1393 4168 apostolatus
1414 4084 1589 4151 Misionuu
1677 4140 1678 4159 ,

227 4203 410 4269 externum,
433 4192 529 4259 dense
550 4192 590 4255 ad
611 4190 683 4257 illas
702 4193 864 4272 incumbat,
887 4194 925 4259 ab
946 4194 1006 4259 hoc
1027 4192 1146 4261 vinculo
1170 4214 1237 4257 eum
1258 4193 1379 4258 solvere
1400 4200 1514 4277 potest.

228 4374 234 4383 ⁸
360 4301 489 4386 Expleta
504 4319 577 4365 suae
590 4297 698 4365 mnus
719 4319 796 4367 anuo
815 4304 961 4384 vigmimo
983 4303 1081 4385 primo
1103 4319 1223 4365 sacrum
1243 4300 1481 4379 subdiaconatus
1505 4298 1593 4363 ordi·

229 4427 298 4485 aem
319 4414 378 4473 rite
398 4409 553 4491 suscipiet,
578 4427 614 4472 ac
635 4407 742 4472 deinde
764 4408 950 4487 Diaconatus
974 4429 1100 4493 quoque,
1125 4417 1154 4471 et
1176 4409 1403 4499 Prepbyteratus
1425 4406 1591 4489 Qrdinibas

229 4515 268 4579 ad
290 4517 450 4581 Sacrorum
471 4515 628 4581 Cauonum
648 4535 783 4581 normam
805 4516 920 4583 initiari
942 4515 1077 4597 debebit,
1103 4514 1220 4597 proprii
1242 4524 1343 4579 nmen
1363 4515 1509 4597 Episcopi
1527 4515 1592 4577 lli-

230 4620 454 4689 mlsscrlalibus
478 4623 604 4709 littaris
627 4642 749 4705 semper
770 4622 885 4696 relatis,

289 4800 292 4804 Δ
363 4724 613 4817 demissumque
632 4726 785 4797 Mumnus
806 4727 856 4794 uel
876 4727 1058 4795 valetudinis
1081 4746 1185 4808 causa,
1215 4727 1265 4795 re}
1286 4731 1386 4815 aliqum
1407 4723 1515 4808 culpa,
1541 4721 1590 4801 rel

231 4831 388 4897 semona
410 4832 511 4917 legum
532 4834 767 4916 inobservantia,
786 4834 836 4903 rel
856 4855 946 4903 verm
965 4835 1132 4903 renconis
1147 4836 1276 4921 deiemu,
1295 4841 1470 4923 pulmonum
1490 4829 1592 4913 studia
