3432 5230
226 80 307 161 cot

294 222 295 227 Ἰ
361 277 458 344 Hisce
479 273 625 358 catalogls
645 276 838 358 proiassorcs
860 282 989 353 etanta,
1013 275 1447 360 utaaffllpasitsssdaroesant,
1470 297 1504 344 ac
1523 301 1574 364 pro

224 384 271 451 rai
293 384 418 449 veritate
448 382 649 463 assiduitatis,
680 394 710 448 et
737 400 919 467 progressos
941 385 1109 453 matinanta
1131 383 1203 447 dass
1224 393 1348 466 poscat,
1379 403 1449 451 cass
1467 384 1574 455 illusi

224 491 302 576 ipm's
325 500 473 573 potantur.

360 598 473 663 Omnes
502 594 708 679 philosophiae
735 615 771 659 ac
800 613 903 661 sacras
916 595 1112 679 theologica,
1143 604 1173 660 st
1190 595 1273 684 jacis
1294 601 1448 696 numici,
1479 566 1586 676 scindis,=

226 712 258 771 ot
278 702 442 768 criminalis
472 702 593 769 scholae
622 704 809 768 academicos
831 705 972 777 hslsant,
1001 705 1052 786 poi
1073 703 1271 781 amlosiastici
1293 706 1350 768 siri
1372 724 1442 769 osse
1464 711 1577 773 omino

226 811 337 876 debent
365 819 428 875 tum
456 811 577 891 iubis,
609 820 669 875 turn
699 817 730 874 in
754 810 822 875 aliia
846 812 982 875 omuibus
1003 813 1122 875 marari
1142 810 1296 875 saminmii
1316 812 1445 875 sainna
1486 811 1577 895 ipos

227 914 379 983 mndmali
407 921 520 981 sicario
543 926 614 981 sunt
636 918 780 1000 elipandi,
810 918 1002 991 stanchia,
1030 936 1067 981 ao
1088 919 1309 983 mocesacrihns
1331 924 1451 1005 newis
1472 939 1576 1003 appro-

228 1024 329 1090 bandi.
366 1023 537 1089 Eorundem
557 1026 791 1089 academicorum
815 1027 945 1090 officium
969 1029 1027 1088 erit
1048 1006 1498 1108 mancipassesmmmoioss,
1519 1037 1577 1091 cun

227 1135 288 1216 ipsi
316 1133 366 1197 vel
391 1132 514 1210 macho,
545 1130 593 1194 vel
622 1132 687 1197 aliu
718 1133 930 1214 impedImeata
957 1132 1123 1214 praepediti
1151 1132 1307 1196 lactionos'
1320 1133 1431 1197 habore
1466 1133 1577 1199 minima

227 1240 359 1322 possint,
384 1246 413 1300 ot
435 1238 590 1302 erudiendi
612 1239 771 1323 diligenter
788 1239 914 1324 juvenes
941 1240 1118 1303 academicis
1143 1239 1405 1303 exercitationibus
1427 1239 1467 1302 ad
1489 1259 1578 1305 mast

228 1345 415 1428 solidamque
442 1346 628 1427 disserendi,
659 1348 900 1429 argumentandi,
935 1366 969 1410 ac
999 1346 1170 1429 disputandi
1198 1350 1353 1414 rationem.
1406 1344 1576 1431 Hujusmodi

228 1457 461 1517 exercitationes
490 1452 676 1517 academicae
704 1456 832 1537 singulis
860 1455 982 1519 scholae
1004 1453 1109 1519 diebus
1133 1461 1219 1519 erunt
1241 1453 1392 1519 habendae
1415 1475 1473 1536 par
1494 1457 1577 1517 seui-

228 1560 321 1624 horae
343 1564 472 1640 spatium
495 1580 514 1625 a
539 1559 683 1624 cardinali
705 1566 817 1625 vicario
840 1561 1040 1625 statuendum.

362 1664 529 1735 Paculiaris
556 1668 790 1732 academicorum
821 1674 899 1732 ratio
930 1667 1086 1732 habebitur
1113 1687 1178 1763 cam
1204 1669 1307 1751 aliqua
1333 1658 1476 1732 cathedra
1501 1665 1576 1730 inca

87 1816 90 1822 ·
231 1772 393 1857 disciplina
413 1778 572 1839 vacaverit.
617 1775 682 1858 lpsi
704 1776 807 1844 eodem
829 1776 1035 1859 professorum
1057 1777 1181 1839 vestium
1205 1782 1312 1841 ornatu
1332 1775 1521 1858 demantur.

362 1882 485 1947 Nullum
507 1902 636 1947 annuum
658 1883 840 1966 stipendium
863 1885 922 1964 ipsi
944 1881 1106 1947 academici
1132 1883 1286 1965 percipsrc
1312 1892 1474 1965 poterunt,
1500 1889 1576 1947 cao

230 2006 317 2076 quam
340 1988 511 2054 cathedram
533 1992 727 2055 obtinuerint.
772 1989 878 2073 Aliqua
903 1998 1000 2054 tamea
1021 1989 1143 2071 largitio
1166 1989 1210 2053 eis
1232 1992 1291 2082 orit
1311 1989 1478 2055 uihuenda.

365 2098 483 2179 dmgnli
502 2097 702 2191 prodeuntes,
724 2105 758 2161 at
775 2096 939 2160 academici
957 2095 1131 2160 scholam
1150 2101 1269 2161 romani
1283 2099 1449 2183 seminarii,
1471 2100 1576 2161 incanta

231 2204 411 2269 scholastico
442 2223 519 2268 anno
550 2204 620 2268 iidci
648 2204 864 2286 professionem
891 2202 980 2291 justu
1007 2203 1166 2267 formulam
1188 2200 1279 2269 adel·
1302 2200 1576 2269 rauchinco

230 2330 350 2379 mesore
371 2319 478 2375 nostro
499 2315 714 2395 praescriptam
737 2309 881 2377 emittant
915 2310 1080 2375 Haocidei
1103 2312 1253 2393 pmiassio
1273 2310 1312 2375 ab
1334 2310 1412 2393 ipsis
1436 2310 1493 2377 erit
1513 2326 1575 2390 per-

230 2419 345 2501 agenda
368 2437 468 2484 coram
490 2416 638 2483 cardinali
659 2419 789 2498 sicario,
811 2415 862 2482 val
884 2416 944 2482 alio
967 2422 1033 2482 ciro
1055 2408 1259 2482 ecclesiastica
1276 2416 1576 2500 dignitataiusigniio,

231 2546 319 2612 quem
342 2526 422 2592 idam
445 2525 606 2591 orandis
632 2525 765 2609 elegerit,
788 2534 819 2589 at
840 2525 890 2591 dia
913 2544 998 2608 quam
1011 2522 1186 2590 ¹cardinalis
1207 2525 1274 2607 ipae
1295 2523 1492 2591 musonem.

634 2786 694 2849 De
713 2791 866 2849 animuin
883 2768 1195 2864 Experimensra.

257 2908 262 2916 ι
371 2939 484 3005 Omnes
509 2938 650 3027 cujusque
672 2936 779 3007 clamis
803 2936 944 3022 discipali
961 2937 1100 3026 januario
1114 2898 1249 3021 st'aprili
1263 2906 1389 3005 asmata
1409 2955 1513 3003 mense
1531 2932 1578 2995 cb·

233 3048 322 3119 noxii
344 3056 430 3113 erunt
452 3048 585 3115 examini
607 3046 645 3110 do
659 3046 724 3115 illis
743 3048 842 3129 rebus,
866 3066 939 3130 quac
961 3066 1017 3127 par
1031 3046 1106 3111 illud
1120 3044 1265 3126 temporis
1279 3044 1409 3127 spatium
1424 3039 1577 3126 explicatae

233 3154 356 3220 fuerint.
402 3155 485 3218 Haec
509 3160 647 3219 examina
669 3174 741 3220 voce
765 3164 876 3218 tantum
899 3154 986 3227 hant,
1010 3152 1223 3234 interrogando
1245 3152 1362 3219 scilicet
1383 3143 1577 3219 auditorcsilt

233 3264 288 3339 iis.
313 3282 387 3346 quac
408 3265 472 3344 ipsi
493 3280 511 3323 a
532 3262 759 3345 professoribus
782 3262 862 3327 docti
882 3260 1015 3329 suerunt
1035 3316 1038 3327 .
1062 3257 1231 3327 cardinalis
1252 3259 1383 3327 sicarius
1404 3258 1483 3327 diem
1496 3251 1576 3319 disci-
1645 3282 1646 3285 ¹

233 3366 314 3454 polio
341 3367 532 3433 indicendum
561 3369 731 3452 praefiniat,
760 3388 819 3451 quo
839 3368 916 3435 haec
937 3365 1151 3451 discipulorum
1173 3373 1310 3435 examina
1332 3367 1577 3450 perpressam·

234 3473 389 3545 seminarii
418 3482 536 3543 romani
567 3478 605 3541 ab
635 3482 703 3559 ipso
732 3474 876 3555 cardinali
904 3474 1059 3557 elipandus
1089 3484 1177 3541 crunt
1198 3476 1375 3559 peragenda
1419 3476 1511 3541 Hisce
1530 3484 1576 3531 εἰ·

235 3583 412 3670 perimentis
435 3583 585 3666 utriusqus
607 3582 760 3649 seminarii
775 3603 842 3649 cam
857 3588 985 3659 romani,
1007 3590 1070 3659 tum
1084 3582 1131 3649 Pii
1153 3591 1286 3649 rectores
1307 3602 1427 3666 sempor
1446 3584 1577 3649 moroso

235 3690 395 3771 debebunt,
417 3700 447 3755 et
468 3697 496 3755 si
517 3689 675 3763 voluerint,
693 3689 806 3775 judicis
828 3710 941 3773 quoque
963 3708 1126 3772 personam
1148 3690 1295 3754 munnere
1312 3697 1461 3773 poterunt.

372 3798 447 3864 Ciam
470 3799 583 3865 mensis
607 3807 749 3880 augustus
771 3797 812 3861 sd
832 3797 921 3873 inam
944 3802 1068 3878 serpat,
1089 3795 1203 3871 indicto
1225 3795 1379 3879 discipulis
1401 3797 1455 3861 dio
1471 3795 1500 3858 in
1521 3805 1577 3853 cor
1645 3788 1646 3875 l

236 3905 324 3979 uibm
354 3906 464 3971 schabe
493 3905 658 3987 publicum,
698 3916 727 3970 et
756 3914 929 3971 concoctioni
956 3904 1052 3973 stadii
1081 3913 1112 3968 et
1141 3903 1255 3985 ingenii
1285 3903 1323 3969 ed
1350 3908 1482 3987 praemia
1513 3912 1577 3979 οων

238 4014 387 4098 sequenda
418 4018 568 4096 specimen
595 4020 709 4097 scripto
736 4012 884 4091 habeatur,
908 4011 947 4075 ad
975 4009 1056 4079 illias
1087 4012 1208 4093 regulae
1231 4032 1383 4091 normam,
1415 4004 1577 4096 quaejam

238 4143 353 4191 moram
375 4122 530 4186 seminarii
551 4125 668 4185 romani
691 4126 721 4184 in
744 4122 838 4183 lucem
863 4117 976 4189 edetur.
1021 4112 1082 4197 Qus
1104 4118 1223 4183 assidua
1245 4116 1419 4200 diligentiae
1440 4110 1577 4185 innius

238 4233 418 4315 scriptionis
439 4230 623 4311 praestantia
644 4225 751 4291 ceteris
772 4228 974 4300 excellrrerint,
996 4227 1128 4307 praemio
1150 4224 1309 4291 ‹lunontun

647 4421 705 4476 lle
723 4420 926 4489 motuum
949 4416 1189 4476 collatione.

374 4568 499 4635 Nostris
526 4568 766 4633 commemoratis
794 4563 906 4629 littoris
935 4563 978 4629 iv
1005 4565 1149 4630 kalendas
1177 4565 1292 4629 mansis
1314 4562 1385 4650 jolii
1411 4562 1496 4649 hujus
1518 4547 1573 4617 Μ’

241 4670 332 4737 oditis
353 4673 542 4756 privilegium
563 4674 618 4739 Pio
640 4672 803 4737 comario
825 4671 983 4736 tribuimus
1005 4673 1180 4737 malaeum
1197 4677 1264 4735 sois
1280 4674 1412 4739 alumnis
1432 4672 1573 4735 crescon·

244 4785 351 4841 suetos
371 4779 483 4859 gradus
502 4780 535 4845 in
557 4778 775 4862 philosophicis
796 4794 834 4838 ac
855 4777 1031 4862 theologicis
1053 4778 1240 4858 disciplinisc
1268 4799 1329 4861 qna
1356 4780 1473 4865 apsidam
1493 4767 1573 4857 νῆ’

247 4880 325 4964 ¹cpio
346 4882 512 4951 Romanum
534 4887 733 4951 Seminarium
754 4900 772 4947 a
793 4901 853 4947 rac.
880 4904 940 4951 ma.
961 4885 1066 4952 Laena
1088 4882 1141 4951 xii
1160 4883 1395 4968 praedecessore
1415 4892 1514 4951 nostro
1529 4884 1574 4959 i‘
