<?xml version="1.0" encoding="UTF-8"?>
<!DOCTYPE html PUBLIC "-//W3C//DTD XHTML 1.0 Transitional//EN"
    "http://www.w3.org/TR/xhtml1/DTD/xhtml1-transitional.dtd">
<html xmlns="http://www.w3.org/1999/xhtml" xml:lang="en" lang="en">
 <head>
  <title>
</title>
<meta http-equiv="Content-Type" content="text/html;charset=utf-8" />
  <meta name='ocr-system' content='tesseract 3.04.00' />
  <meta name='ocr-capabilities' content='ocr_page ocr_carea ocr_par ocr_line ocrx_word'/>
</head>
<body>
  <div class='ocr_page' id='page_1' title='image "./archivfrkatholi08jurigoog_0416.png"; bbox 0 0 3400 5224; ppageno 0'>
   <div class='ocr_carea' id='block_1_1' title="bbox 211 134 290 220">
    <p class='ocr_par' dir='ltr' id='par_1_1' title="bbox 211 134 290 220">
     <span class='ocr_line' id='line_1_1' title="bbox 211 134 290 220; baseline -0.013 0"><span class='ocrx_word' id='word_1_1' title='bbox 211 134 290 220; x_wconf 67' lang='lat'>272</span> 
     </span>
    </p>
   </div>
   <div class='ocr_carea' id='block_1_2' title="bbox 170 326 1572 4471">
    <p class='ocr_par' dir='ltr' id='par_1_2' title="bbox 521 326 1249 402">
     <span class='ocr_line' id='line_1_2' title="bbox 521 326 1249 402; baseline -0.004 0"><span class='ocrx_word' id='word_1_2' title='bbox 521 339 559 402; x_wconf 87' lang='lat' dir='ltr'>ii.</span> <span class='ocrx_word' id='word_1_3' title='bbox 1216 326 1249 400; x_wconf 82' lang='lat' dir='ltr'>u.</span> 
     </span>
    </p>

    <p class='ocr_par' dir='ltr' id='par_1_3' title="bbox 203 441 1566 2127">
     <span class='ocr_line' id='line_1_3' title="bbox 278 441 1563 527; baseline -0.002 -17"><span class='ocrx_word' id='word_1_4' title='bbox 278 449 327 510; x_wconf 97' lang='grc'>11.</span> <span class='ocrx_word' id='word_1_5' title='bbox 347 443 430 507; x_wconf 79' lang='lat' dir='ltr'>Sami</span> <span class='ocrx_word' id='word_1_6' title='bbox 447 441 592 508; x_wconf 84' lang='lat' dir='ltr'>delilteri</span> <span class='ocrx_word' id='word_1_7' title='bbox 614 454 787 527; x_wconf 87' lang='lat' dir='ltr'>paramenta</span> <span class='ocrx_word' id='word_1_8' title='bbox 814 463 869 525; x_wconf 93' lang='lat' dir='ltr'>pro</span> <span class='ocrx_word' id='word_1_9' title='bbox 970 445 1018 508; x_wconf 88' lang='grc'>11.</span> <span class='ocrx_word' id='word_1_10' title='bbox 1049 443 1120 506; x_wconf 86' lang='lat' dir='ltr'>Non</span> <span class='ocrx_word' id='word_1_11' title='bbox 1141 463 1226 507; x_wconf 71' lang='lat' dir='ltr'>raro</span> <span class='ocrx_word' id='word_1_12' title='bbox 1260 443 1419 509; x_wconf 80' lang='lat' dir='ltr'>admodum</span> <span class='ocrx_word' id='word_1_13' title='bbox 1445 442 1563 507; x_wconf 77' lang='lat' dir='ltr'>videbis</span> 
     </span>
     <span class='ocr_line' id='line_1_4' title="bbox 206 530 1564 633; baseline 0.001 -21"><span class='ocrx_word' id='word_1_14' title='bbox 206 545 405 613; x_wconf 72' lang='lat' dir='ltr'>celebratione</span> <span class='ocrx_word' id='word_1_15' title='bbox 419 530 646 615; x_wconf 60' lang='lat' dir='ltr'>mimarum&#39;non</span> <span class='ocrx_word' id='word_1_16' title='bbox 664 572 764 633; x_wconf 89' lang='lat' dir='ltr'>posse,</span> <span class='ocrx_word' id='word_1_17' title='bbox 786 551 870 614; x_wconf 88' lang='lat' dir='ltr'>enti·</span> <span class='ocrx_word' id='word_1_18' title='bbox 900 547 1052 629; x_wconf 83' lang='lat' dir='ltr'>simplices</span> <span class='ocrx_word' id='word_1_19' title='bbox 1067 550 1249 628; x_wconf 85' lang='lat' dir='ltr'>secerdotes,</span> <span class='ocrx_word' id='word_1_20' title='bbox 1263 556 1439 633; x_wconf 88' lang='lat' dir='ltr'>praesertim</span> <span class='ocrx_word' id='word_1_21' title='bbox 1454 553 1485 613; x_wconf 91' lang='lat' dir='ltr'>in</span> <span class='ocrx_word' id='word_1_22' title='bbox 1496 554 1564 632; x_wconf 88' lang='lat' dir='ltr'>pri-</span> 
     </span>
     <span class='ocr_line' id='line_1_5' title="bbox 209 648 1564 741; baseline 0.001 -21"><span class='ocrx_word' id='word_1_23' title='bbox 209 676 266 739; x_wconf 87' lang='lat' dir='ltr'>qua</span> <span class='ocrx_word' id='word_1_24' title='bbox 286 658 338 720; x_wconf 83' lang='lat' dir='ltr'>lex</span> <span class='ocrx_word' id='word_1_25' title='bbox 351 664 408 735; x_wconf 87' lang='lat' dir='ltr'>est,</span> <span class='ocrx_word' id='word_1_26' title='bbox 432 677 518 739; x_wconf 84' lang='lat' dir='ltr'>quam</span> <span class='ocrx_word' id='word_1_27' title='bbox 535 658 566 720; x_wconf 80' lang='lat' dir='ltr'>S.</span> <span class='ocrx_word' id='word_1_28' title='bbox 581 659 617 722; x_wconf 76' lang='lat' dir='ltr'>it.</span> <span class='ocrx_word' id='word_1_29' title='bbox 631 657 667 725; x_wconf 81' lang='lat' dir='ltr'>C.</span> <span class='ocrx_word' id='word_1_30' title='bbox 682 656 751 739; x_wconf 92' lang='lat' dir='ltr'>plus</span> <span class='ocrx_word' id='word_1_31' title='bbox 774 653 868 721; x_wconf 88' lang='lat' dir='ltr'>semel</span> <span class='ocrx_word' id='word_1_32' title='bbox 899 657 977 718; x_wconf 85' lang='lat' dir='ltr'>vetis</span> <span class='ocrx_word' id='word_1_33' title='bbox 1007 648 1179 738; x_wconf 73' lang='lat' dir='ltr'><strong>Principum</strong></span> <span class='ocrx_word' id='word_1_34' title='bbox 1206 666 1445 741; x_wconf 83' lang='lat' dir='ltr'>caeterorumque</span> <span class='ocrx_word' id='word_1_35' title='bbox 1472 657 1564 722; x_wconf 88' lang='lat' dir='ltr'>nebi-</span> 
     </span>
     <span class='ocr_line' id='line_1_6' title="bbox 208 762 1564 849; baseline 0.001 -24"><span class='ocrx_word' id='word_1_36' title='bbox 208 768 238 825; x_wconf 96' lang='lat' dir='ltr'>in</span> <span class='ocrx_word' id='word_1_37' title='bbox 261 764 433 827; x_wconf 87' lang='lat' dir='ltr'>memoriam</span> <span class='ocrx_word' id='word_1_38' title='bbox 464 765 613 829; x_wconf 78' lang='lat' dir='ltr'>revocarit</span> <span class='ocrx_word' id='word_1_39' title='bbox 636 763 681 849; x_wconf 83' lang='grc'>1).</span> <span class='ocrx_word' id='word_1_40' title='bbox 722 763 870 830; x_wconf 75' lang='lat' dir='ltr'>Permittit</span> <span class='ocrx_word' id='word_1_41' title='bbox 899 763 970 826; x_wconf 91' lang='lat' dir='ltr'>lium</span> <span class='ocrx_word' id='word_1_42' title='bbox 987 762 1138 842; x_wconf 75' lang='lat' dir='ltr'>oratoriis,</span> <span class='ocrx_word' id='word_1_43' title='bbox 1161 768 1211 845; x_wconf 87' lang='lat' dir='ltr'>qui</span> <span class='ocrx_word' id='word_1_44' title='bbox 1226 766 1375 846; x_wconf 82' lang='lat' dir='ltr'>accipiunt</span> <span class='ocrx_word' id='word_1_45' title='bbox 1392 768 1460 827; x_wconf 90' lang='lat' dir='ltr'>sine</span> <span class='ocrx_word' id='word_1_46' title='bbox 1475 779 1564 828; x_wconf 87' lang='lat' dir='ltr'>scru-</span> 
     </span>
     <span class='ocr_line' id='line_1_7' title="bbox 206 863 1566 954; baseline 0.001 -23"><span class='ocrx_word' id='word_1_47' title='bbox 206 868 256 933; x_wconf 89' lang='lat' dir='ltr'>illa</span> <span class='ocrx_word' id='word_1_48' title='bbox 294 869 409 953; x_wconf 80' lang='lat' dir='ltr'>quidem</span> <span class='ocrx_word' id='word_1_49' title='bbox 444 880 476 933; x_wconf 92' lang='lat' dir='ltr'>ut</span> <span class='ocrx_word' id='word_1_50' title='bbox 512 872 545 935; x_wconf 92' lang='lat' dir='ltr'>in</span> <span class='ocrx_word' id='word_1_51' title='bbox 576 892 647 937; x_wconf 88' lang='lat' dir='ltr'>casu</span> <span class='ocrx_word' id='word_1_52' title='bbox 681 873 868 937; x_wconf 79' lang='lat' dir='ltr'>necessitatis</span> <span class='ocrx_word' id='word_1_53' title='bbox 898 863 971 950; x_wconf 89' lang='lat' dir='ltr'>pulo</span> <span class='ocrx_word' id='word_1_54' title='bbox 988 878 1090 933; x_wconf 85' lang='lat' dir='ltr'>vestes</span> <span class='ocrx_word' id='word_1_55' title='bbox 1105 868 1143 933; x_wconf 89' lang='lat' dir='ltr'>de</span> <span class='ocrx_word' id='word_1_56' title='bbox 1158 870 1236 953; x_wconf 87' lang='lat' dir='ltr'>ipso,</span> <span class='ocrx_word' id='word_1_57' title='bbox 1260 875 1291 935; x_wconf 93' lang='lat' dir='ltr'>in</span> <span class='ocrx_word' id='word_1_58' title='bbox 1311 892 1369 954; x_wconf 83' lang='lat' dir='ltr'>quo</span> <span class='ocrx_word' id='word_1_59' title='bbox 1389 870 1566 934; x_wconf 87' lang='lat' dir='ltr'>celebraturi</span> 
     </span>
     <span class='ocr_line' id='line_1_8' title="bbox 206 977 1101 1062; baseline -0.001 -23"><span class='ocrx_word' id='word_1_60' title='bbox 206 990 308 1039; x_wconf 85' lang='lat' dir='ltr'>sacrae</span> <span class='ocrx_word' id='word_1_61' title='bbox 330 984 430 1039; x_wconf 86' lang='lat' dir='ltr'>vestes</span> <span class='ocrx_word' id='word_1_62' title='bbox 445 978 475 1041; x_wconf 91' lang='lat' dir='ltr'>in</span> <span class='ocrx_word' id='word_1_63' title='bbox 487 978 642 1062; x_wconf 79' lang='lat' dir='ltr'>Evangelii</span> <span class='ocrx_word' id='word_1_64' title='bbox 664 999 755 1045; x_wconf 89' lang='lat' dir='ltr'>cornu</span> <span class='ocrx_word' id='word_1_65' title='bbox 769 977 869 1044; x_wconf 87' lang='lat' dir='ltr'>eollo-</span> <span class='ocrx_word' id='word_1_66' title='bbox 899 984 979 1050; x_wconf 87' lang='lat' dir='ltr'>sunt,</span> <span class='ocrx_word' id='word_1_67' title='bbox 1003 977 1101 1041; x_wconf 89' lang='lat' dir='ltr'>altari.</span> 
     </span>
     <span class='ocr_line' id='line_1_9' title="bbox 206 1078 1565 1167; baseline 0.001 -22"><span class='ocrx_word' id='word_1_68' title='bbox 206 1091 309 1147; x_wconf 80' lang='lat' dir='ltr'>centur</span> <span class='ocrx_word' id='word_1_69' title='bbox 324 1078 379 1167; x_wconf 56' lang='grc' dir='ltr'>ης</span> <span class='ocrx_word' id='word_1_70' title='bbox 408 1082 462 1146; x_wconf 86' lang='lat' dir='ltr'>sed</span> <span class='ocrx_word' id='word_1_71' title='bbox 485 1083 696 1155; x_wconf 73' lang='lat' dir='ltr'>desideratam,</span> <span class='ocrx_word' id='word_1_72' title='bbox 711 1088 778 1150; x_wconf 88' lang='lat' dir='ltr'>bine</span> <span class='ocrx_word' id='word_1_73' title='bbox 802 1086 869 1150; x_wconf 88' lang='lat' dir='ltr'>inde</span> <span class='ocrx_word' id='word_1_74' title='bbox 966 1085 1005 1147; x_wconf 85' lang='lat' dir='ltr'>Et</span> <span class='ocrx_word' id='word_1_75' title='bbox 1027 1093 1124 1149; x_wconf 85' lang='lat' dir='ltr'>tamen</span> <span class='ocrx_word' id='word_1_76' title='bbox 1147 1104 1183 1147; x_wconf 88' lang='lat' dir='ltr'>ne</span> <span class='ocrx_word' id='word_1_77' title='bbox 1205 1085 1347 1167; x_wconf 84' lang='lat' dir='ltr'>praelatis</span> <span class='ocrx_word' id='word_1_78' title='bbox 1371 1085 1499 1167; x_wconf 85' lang='lat' dir='ltr'>quidem,</span> <span class='ocrx_word' id='word_1_79' title='bbox 1515 1087 1565 1165; x_wconf 82' lang='lat' dir='ltr'>qul</span> 
     </span>
     <span class='ocr_line' id='line_1_10' title="bbox 206 1188 1565 1277; baseline -0.001 -24"><span class='ocrx_word' id='word_1_80' title='bbox 206 1194 371 1253; x_wconf 85' lang='lat' dir='ltr'>sacristiam</span> <span class='ocrx_word' id='word_1_81' title='bbox 401 1189 597 1274; x_wconf 79' lang='lat' dir='ltr'>supplendam</span> <span class='ocrx_word' id='word_1_82' title='bbox 625 1214 680 1276; x_wconf 90' lang='lat' dir='ltr'>per</span> <span class='ocrx_word' id='word_1_83' title='bbox 702 1204 868 1277; x_wconf 84' lang='lat' dir='ltr'>separatum</span> <span class='ocrx_word' id='word_1_84' title='bbox 900 1188 1050 1272; x_wconf 84' lang='lat' dir='ltr'>episeopis</span> <span class='ocrx_word' id='word_1_85' title='bbox 1078 1200 1146 1255; x_wconf 90' lang='lat' dir='ltr'>suut</span> <span class='ocrx_word' id='word_1_86' title='bbox 1167 1191 1346 1268; x_wconf 78' lang='lat' dir='ltr'>inferiores,</span> <span class='ocrx_word' id='word_1_87' title='bbox 1378 1191 1407 1253; x_wconf 89' lang='lat' dir='ltr'>id</span> <span class='ocrx_word' id='word_1_88' title='bbox 1439 1208 1565 1274; x_wconf 88' lang='lat' dir='ltr'>unquam</span> 
     </span>
     <span class='ocr_line' id='line_1_11' title="bbox 206 1288 1564 1384; baseline 0 -26"><span class='ocrx_word' id='word_1_89' title='bbox 206 1315 339 1359; x_wconf 88' lang='lat' dir='ltr'>mensem</span> <span class='ocrx_word' id='word_1_90' title='bbox 355 1316 433 1377; x_wconf 84' lang='lat' dir='ltr'>esse,</span> <span class='ocrx_word' id='word_1_91' title='bbox 448 1318 521 1381; x_wconf 87' lang='lat' dir='ltr'>quae</span> <span class='ocrx_word' id='word_1_92' title='bbox 532 1298 621 1384; x_wconf 82' lang='lat' dir='ltr'>juxte</span> <span class='ocrx_word' id='word_1_93' title='bbox 640 1301 732 1363; x_wconf 86' lang='lat' dir='ltr'>ultera</span> <span class='ocrx_word' id='word_1_94' title='bbox 747 1303 778 1363; x_wconf 92' lang='lat' dir='ltr'>in</span> <span class='ocrx_word' id='word_1_95' title='bbox 793 1305 870 1382; x_wconf 86' lang='lat' dir='ltr'>ipsis</span> <span class='ocrx_word' id='word_1_96' title='bbox 899 1297 992 1377; x_wconf 83' lang='lat' dir='ltr'>licuit,</span> <span class='ocrx_word' id='word_1_97' title='bbox 1016 1299 1073 1362; x_wconf 86' lang='lat' dir='ltr'>nisi</span> <span class='ocrx_word' id='word_1_98' title='bbox 1097 1288 1211 1381; x_wconf 78' lang='lat' dir='ltr'>quentin</span> <span class='ocrx_word' id='word_1_99' title='bbox 1233 1305 1284 1361; x_wconf 87' lang='lat' dir='ltr'>eut</span> <span class='ocrx_word' id='word_1_100' title='bbox 1296 1297 1328 1360; x_wconf 90' lang='lat' dir='ltr'>in</span> <span class='ocrx_word' id='word_1_101' title='bbox 1343 1295 1564 1361; x_wconf 84' lang='lat' dir='ltr'>Pontideslibus</span> 
     </span>
     <span class='ocr_line' id='line_1_12' title="bbox 205 1401 1564 1490; baseline 0.001 -26"><span class='ocrx_word' id='word_1_102' title='bbox 205 1401 344 1466; x_wconf 84' lang='lat' dir='ltr'>oratoriis</span> <span class='ocrx_word' id='word_1_103' title='bbox 365 1414 493 1484; x_wconf 85' lang='lat' dir='ltr'>ponetur</span> <span class='ocrx_word' id='word_1_104' title='bbox 513 1415 601 1490; x_wconf 89' lang='lat' dir='ltr'>atque</span> <span class='ocrx_word' id='word_1_105' title='bbox 623 1412 667 1470; x_wconf 87' lang='lat' dir='ltr'>sio</span> <span class='ocrx_word' id='word_1_106' title='bbox 683 1409 789 1471; x_wconf 77' lang='lat' dir='ltr'>evitent</span> <span class='ocrx_word' id='word_1_107' title='bbox 811 1428 868 1471; x_wconf 93' lang='lat' dir='ltr'>ne-</span> <span class='ocrx_word' id='word_1_108' title='bbox 900 1405 1079 1467; x_wconf 87' lang='lat' dir='ltr'>celebrarint</span> <span class='ocrx_word' id='word_1_109' title='bbox 1103 1406 1130 1484; x_wconf 87' lang='lat'>¹)</span> <span class='ocrx_word' id='word_1_110' title='bbox 1161 1414 1212 1469; x_wconf 88' lang='lat' dir='ltr'>aut</span> <span class='ocrx_word' id='word_1_111' title='bbox 1248 1404 1427 1488; x_wconf 75' lang='lat' dir='ltr'>particulare</span> <span class='ocrx_word' id='word_1_112' title='bbox 1465 1402 1564 1486; x_wconf 77' lang='lat' dir='ltr'>privi-</span> 
     </span>
     <span class='ocr_line' id='line_1_13' title="bbox 205 1503 1565 1597; baseline -0.001 -25"><span class='ocrx_word' id='word_1_113' title='bbox 205 1509 353 1572; x_wconf 86' lang='lat' dir='ltr'>cessitatis</span> <span class='ocrx_word' id='word_1_114' title='bbox 369 1529 470 1573; x_wconf 90' lang='lat' dir='ltr'>cesum</span> <span class='ocrx_word' id='word_1_115' title='bbox 486 1532 545 1575; x_wconf 91' lang='lat' dir='ltr'>non</span> <span class='ocrx_word' id='word_1_116' title='bbox 562 1512 650 1577; x_wconf 88' lang='lat' dir='ltr'>modo</span> <span class='ocrx_word' id='word_1_117' title='bbox 665 1535 754 1597; x_wconf 89' lang='lat' dir='ltr'>posse</span> <span class='ocrx_word' id='word_1_118' title='bbox 767 1534 868 1578; x_wconf 81' lang='lat' dir='ltr'>uerum</span> <span class='ocrx_word' id='word_1_119' title='bbox 898 1512 1009 1593; x_wconf 81' lang='lat' dir='ltr'>legium</span> <span class='ocrx_word' id='word_1_120' title='bbox 1032 1511 1207 1576; x_wconf 87' lang='lat' dir='ltr'>aPoutiilce</span> <span class='ocrx_word' id='word_1_121' title='bbox 1221 1511 1375 1574; x_wconf 73' lang='lat' dir='ltr'>inbuerint</span> <span class='ocrx_word' id='word_1_122' title='bbox 1390 1507 1436 1594; x_wconf 78' lang='lat'>²).</span> <span class='ocrx_word' id='word_1_123' title='bbox 1475 1503 1565 1588; x_wconf 77' lang='lat' dir='ltr'>Quod</span> 
     </span>
     <span class='ocr_line' id='line_1_14' title="bbox 205 1616 1564 1700; baseline 0.001 -23"><span class='ocrx_word' id='word_1_124' title='bbox 205 1621 293 1679; x_wconf 90' lang='lat' dir='ltr'>ettam</span> <span class='ocrx_word' id='word_1_125' title='bbox 324 1617 429 1680; x_wconf 84' lang='lat' dir='ltr'>debere</span> <span class='ocrx_word' id='word_1_126' title='bbox 456 1618 583 1683; x_wconf 86' lang='lat' dir='ltr'>Romani</span> <span class='ocrx_word' id='word_1_127' title='bbox 612 1630 743 1684; x_wconf 85' lang='lat' dir='ltr'>censent.</span> <span class='ocrx_word' id='word_1_128' title='bbox 788 1622 868 1686; x_wconf 85' lang='lat' dir='ltr'>Hinc</span> <span class='ocrx_word' id='word_1_129' title='bbox 898 1627 1089 1700; x_wconf 79' lang='lat' dir='ltr'>praepostere</span> <span class='ocrx_word' id='word_1_130' title='bbox 1112 1622 1201 1682; x_wconf 84' lang='lat' dir='ltr'>etiam</span> <span class='ocrx_word' id='word_1_131' title='bbox 1224 1617 1336 1682; x_wconf 78' lang='lat' dir='ltr'>deferri</span> <span class='ocrx_word' id='word_1_132' title='bbox 1357 1618 1415 1681; x_wconf 91' lang='lat' dir='ltr'>sibi</span> <span class='ocrx_word' id='word_1_133' title='bbox 1436 1616 1564 1680; x_wconf 85' lang='lat' dir='ltr'>bonores</span> 
     </span>
     <span class='ocr_line' id='line_1_15' title="bbox 206 1724 1564 1809; baseline 0.001 -24"><span class='ocrx_word' id='word_1_134' title='bbox 206 1732 252 1788; x_wconf 89' lang='lat' dir='ltr'>est</span> <span class='ocrx_word' id='word_1_135' title='bbox 275 1743 327 1786; x_wconf 86' lang='lat' dir='ltr'>cur</span> <span class='ocrx_word' id='word_1_136' title='bbox 350 1743 386 1786; x_wconf 89' lang='lat' dir='ltr'>ne</span> <span class='ocrx_word' id='word_1_137' title='bbox 401 1728 433 1787; x_wconf 92' lang='lat' dir='ltr'>in</span> <span class='ocrx_word' id='word_1_138' title='bbox 449 1727 573 1807; x_wconf 81' lang='lat' dir='ltr'>privatis</span> <span class='ocrx_word' id='word_1_139' title='bbox 593 1726 710 1809; x_wconf 84' lang='lat' dir='ltr'>quidem</span> <span class='ocrx_word' id='word_1_140' title='bbox 727 1730 867 1791; x_wconf 85' lang='lat' dir='ltr'>oratoriis</span> <span class='ocrx_word' id='word_1_141' title='bbox 899 1730 999 1789; x_wconf 90' lang='lat' dir='ltr'>sinant</span> <span class='ocrx_word' id='word_1_142' title='bbox 1006 1726 1228 1806; x_wconf 67' lang='lat' dir='ltr'>mennatuein</span> <span class='ocrx_word' id='word_1_143' title='bbox 1237 1724 1434 1788; x_wconf 87' lang='lat' dir='ltr'>celebratione</span> <span class='ocrx_word' id='word_1_144' title='bbox 1443 1726 1564 1795; x_wconf 83' lang='lat' dir='ltr'>missar,</span> 
     </span>
     <span class='ocr_line' id='line_1_16' title="bbox 204 1826 1564 1920; baseline 0 -28"><span class='ocrx_word' id='word_1_145' title='bbox 204 1827 254 1892; x_wconf 88' lang='lat' dir='ltr'>alii</span> <span class='ocrx_word' id='word_1_146' title='bbox 278 1849 363 1912; x_wconf 84' lang='lat' dir='ltr'>quam</span> <span class='ocrx_word' id='word_1_147' title='bbox 381 1829 530 1914; x_wconf 80' lang='lat' dir='ltr'>Episcopo</span> <span class='ocrx_word' id='word_1_148' title='bbox 554 1835 736 1920; x_wconf 80' lang='lat' dir='ltr'>eaeterisque</span> <span class='ocrx_word' id='word_1_149' title='bbox 758 1854 868 1917; x_wconf 89' lang='lat' dir='ltr'>super·</span> <span class='ocrx_word' id='word_1_150' title='bbox 898 1850 934 1894; x_wconf 85' lang='lat' dir='ltr'>ea</span> <span class='ocrx_word' id='word_1_151' title='bbox 955 1831 1072 1896; x_wconf 85' lang='lat' dir='ltr'>abunde</span> <span class='ocrx_word' id='word_1_152' title='bbox 1093 1831 1231 1913; x_wconf 87' lang='lat' dir='ltr'>probant,</span> <span class='ocrx_word' id='word_1_153' title='bbox 1255 1850 1329 1916; x_wconf 81' lang='lat' dir='ltr'>quae</span> <span class='ocrx_word' id='word_1_154' title='bbox 1351 1832 1382 1895; x_wconf 77' lang='lat' dir='ltr'>S·</span> <span class='ocrx_word' id='word_1_155' title='bbox 1399 1830 1435 1895; x_wconf 76' lang='lat' dir='ltr'>it</span> <span class='ocrx_word' id='word_1_156' title='bbox 1452 1826 1488 1893; x_wconf 78' lang='lat' dir='ltr'>(l.</span> <span class='ocrx_word' id='word_1_157' title='bbox 1511 1834 1564 1892; x_wconf 91' lang='lat' dir='ltr'>in·</span> 
     </span>
     <span class='ocr_line' id='line_1_17' title="bbox 204 1932 1565 2025; baseline 0.001 -27"><span class='ocrx_word' id='word_1_158' title='bbox 204 1936 278 1999; x_wconf 83' lang='lat' dir='ltr'>ioris</span> <span class='ocrx_word' id='word_1_159' title='bbox 316 1935 431 2000; x_wconf 90' lang='lat' dir='ltr'>ordinis</span> <span class='ocrx_word' id='word_1_160' title='bbox 462 1937 608 2003; x_wconf 88' lang='lat' dir='ltr'>Praelatis</span> <span class='ocrx_word' id='word_1_161' title='bbox 638 1936 679 2025; x_wconf 70' lang='grc'>8)</span> <span class='ocrx_word' id='word_1_162' title='bbox 711 1941 747 2003; x_wconf 86' lang='lat' dir='ltr'>de</span> <span class='ocrx_word' id='word_1_163' title='bbox 779 1941 867 2004; x_wconf 88' lang='lat' dir='ltr'>altari</span> <span class='ocrx_word' id='word_1_164' title='bbox 899 1937 1026 2002; x_wconf 86' lang='lat' dir='ltr'>dicende</span> <span class='ocrx_word' id='word_1_165' title='bbox 1048 1938 1136 2002; x_wconf 85' lang='lat' dir='ltr'>duxit</span> <span class='ocrx_word' id='word_1_166' title='bbox 1158 1932 1360 2013; x_wconf 68' lang='lat' dir='ltr'>ablactari)</span> <span class='ocrx_word' id='word_1_167' title='bbox 1383 1955 1418 1999; x_wconf 88' lang='lat' dir='ltr'>ae</span> <span class='ocrx_word' id='word_1_168' title='bbox 1441 1934 1565 2000; x_wconf 73' lang='lat' dir='ltr'>caeter‘s</span> 
     </span>
     <span class='ocr_line' id='line_1_18' title="bbox 203 2039 1443 2127; baseline -0.002 -23"><span class='ocrx_word' id='word_1_169' title='bbox 203 2061 291 2105; x_wconf 85' lang='lat' dir='ltr'>sacre</span> <span class='ocrx_word' id='word_1_170' title='bbox 312 2043 483 2108; x_wconf 86' lang='lat' dir='ltr'>indumenta</span> <span class='ocrx_word' id='word_1_171' title='bbox 505 2044 621 2111; x_wconf 89' lang='lat' dir='ltr'>dentur.</span> <span class='ocrx_word' id='word_1_172' title='bbox 897 2045 1024 2109; x_wconf 88' lang='lat' dir='ltr'>minoris</span> <span class='ocrx_word' id='word_1_173' title='bbox 1045 2045 1162 2110; x_wconf 83' lang='lat' dir='ltr'>ordinis</span> <span class='ocrx_word' id='word_1_174' title='bbox 1186 2042 1381 2127; x_wconf 75' lang='lat' dir='ltr'>dignitatibus</span> <span class='ocrx_word' id='word_1_175' title='bbox 1399 2039 1443 2126; x_wconf 83' lang='lat'>⁴).</span> 
     </span>
    </p>

    <p class='ocr_par' dir='ltr' id='par_1_4' title="bbox 170 2148 1572 4471">
     <span class='ocr_line' id='line_1_19' title="bbox 274 2148 1562 2233; baseline -0.004 -16"><span class='ocrx_word' id='word_1_176' title='bbox 274 2155 323 2217; x_wconf 82' lang='grc'>12.</span> <span class='ocrx_word' id='word_1_177' title='bbox 343 2148 468 2232; x_wconf 85' lang='lat' dir='ltr'>Amplee</span> <span class='ocrx_word' id='word_1_178' title='bbox 484 2162 554 2216; x_wconf 91' lang='lat' dir='ltr'>sunt</span> <span class='ocrx_word' id='word_1_179' title='bbox 569 2155 600 2215; x_wconf 94' lang='lat' dir='ltr'>in</span> <span class='ocrx_word' id='word_1_180' title='bbox 615 2151 756 2217; x_wconf 85' lang='lat' dir='ltr'>Romanis</span> <span class='ocrx_word' id='word_1_181' title='bbox 769 2156 866 2218; x_wconf 88' lang='lat' dir='ltr'>eccle·</span> <span class='ocrx_word' id='word_1_182' title='bbox 967 2158 1017 2218; x_wconf 77' lang='lat' dir='ltr'>tt.</span> <span class='ocrx_word' id='word_1_183' title='bbox 1041 2151 1088 2215; x_wconf 85' lang='lat' dir='ltr'>Ex</span> <span class='ocrx_word' id='word_1_184' title='bbox 1110 2151 1193 2215; x_wconf 83' lang='lat' dir='ltr'>hisee</span> <span class='ocrx_word' id='word_1_185' title='bbox 1215 2172 1287 2216; x_wconf 86' lang='lat' dir='ltr'>vero</span> <span class='ocrx_word' id='word_1_186' title='bbox 1310 2151 1465 2230; x_wconf 89' lang='lat' dir='ltr'>omnibus,</span> <span class='ocrx_word' id='word_1_187' title='bbox 1488 2167 1562 2233; x_wconf 78' lang='lat' dir='ltr'>quea</span> 
     </span>
     <span class='ocr_line' id='line_1_20' title="bbox 204 2256 1560 2343; baseline 0 -25"><span class='ocrx_word' id='word_1_188' title='bbox 204 2256 264 2318; x_wconf 88' lang='lat' dir='ltr'>siis</span> <span class='ocrx_word' id='word_1_189' title='bbox 284 2264 386 2339; x_wconf 84' lang='lat' dir='ltr'>portes</span> <span class='ocrx_word' id='word_1_190' title='bbox 409 2258 538 2321; x_wconf 90' lang='lat' dir='ltr'>ministri</span> <span class='ocrx_word' id='word_1_191' title='bbox 560 2262 669 2323; x_wconf 88' lang='lat' dir='ltr'>missae</span> <span class='ocrx_word' id='word_1_192' title='bbox 688 2263 820 2343; x_wconf 86' lang='lat' dir='ltr'>privatae</span> <span class='ocrx_word' id='word_1_193' title='bbox 835 2264 866 2325; x_wconf 90' lang='lat' dir='ltr'>in</span> <span class='ocrx_word' id='word_1_194' title='bbox 898 2258 1045 2342; x_wconf 84' lang='lat' dir='ltr'>descripta</span> <span class='ocrx_word' id='word_1_195' title='bbox 1068 2278 1084 2321; x_wconf 89' lang='lat' dir='ltr'>e</span> <span class='ocrx_word' id='word_1_196' title='bbox 1107 2263 1232 2340; x_wconf 85' lang='lat' dir='ltr'>regione</span> <span class='ocrx_word' id='word_1_197' title='bbox 1254 2258 1364 2336; x_wconf 84' lang='lat' dir='ltr'>babes,</span> <span class='ocrx_word' id='word_1_198' title='bbox 1386 2258 1440 2321; x_wconf 85' lang='lat' dir='ltr'>vix</span> <span class='ocrx_word' id='word_1_199' title='bbox 1462 2257 1560 2339; x_wconf 86' lang='lat' dir='ltr'>aliqua</span> 
     </span>
     <span class='ocr_line' id='line_1_21' title="bbox 170 2352 1563 2447; baseline 0.001 -24"><span class='ocrx_word' id='word_1_200' title='bbox 170 2352 173 2363; x_wconf 82' lang='lat'>&#39;</span> <span class='ocrx_word' id='word_1_201' title='bbox 203 2359 351 2427; x_wconf 91' lang='lat' dir='ltr'>induendo</span> <span class='ocrx_word' id='word_1_202' title='bbox 380 2365 475 2427; x_wconf 88' lang='lat' dir='ltr'>sacris</span> <span class='ocrx_word' id='word_1_203' title='bbox 504 2366 637 2430; x_wconf 83' lang='lat' dir='ltr'>vestibus</span> <span class='ocrx_word' id='word_1_204' title='bbox 660 2369 866 2434; x_wconf 87' lang='lat' dir='ltr'>celebrantem.</span> <span class='ocrx_word' id='word_1_205' title='bbox 897 2365 1042 2447; x_wconf 84' lang='lat' dir='ltr'>praestari</span> <span class='ocrx_word' id='word_1_206' title='bbox 1058 2385 1076 2427; x_wconf 89' lang='lat' dir='ltr'>a</span> <span class='ocrx_word' id='word_1_207' title='bbox 1091 2367 1207 2429; x_wconf 91' lang='lat' dir='ltr'>nostris</span> <span class='ocrx_word' id='word_1_208' title='bbox 1230 2364 1377 2429; x_wconf 87' lang='lat' dir='ltr'>ministris</span> <span class='ocrx_word' id='word_1_209' title='bbox 1394 2382 1447 2426; x_wconf 87' lang='lat' dir='ltr'>usu</span> <span class='ocrx_word' id='word_1_210' title='bbox 1464 2362 1563 2425; x_wconf 87' lang='lat' dir='ltr'>disci-</span> 
     </span>
     <span class='ocr_line' id='line_1_22' title="bbox 203 2467 1564 2558; baseline 0.002 -28"><span class='ocrx_word' id='word_1_211' title='bbox 203 2467 260 2531; x_wconf 80' lang='lat' dir='ltr'>list</span> <span class='ocrx_word' id='word_1_212' title='bbox 280 2473 338 2532; x_wconf 87' lang='lat' dir='ltr'>scit</span> <span class='ocrx_word' id='word_1_213' title='bbox 358 2470 496 2534; x_wconf 76' lang='lat' dir='ltr'>ministm</span> <span class='ocrx_word' id='word_1_214' title='bbox 517 2472 554 2536; x_wconf 87' lang='lat' dir='ltr'>ad</span> <span class='ocrx_word' id='word_1_215' title='bbox 576 2473 701 2537; x_wconf 83' lang='lat' dir='ltr'>missam</span> <span class='ocrx_word' id='word_1_216' title='bbox 722 2475 867 2558; x_wconf 84' lang='lat' dir='ltr'>priuatam</span> <span class='ocrx_word' id='word_1_217' title='bbox 898 2492 972 2536; x_wconf 91' lang='lat' dir='ltr'>mus.</span> <span class='ocrx_word' id='word_1_218' title='bbox 1004 2470 1153 2536; x_wconf 82' lang='lat' dir='ltr'>Amictum</span> <span class='ocrx_word' id='word_1_219' title='bbox 1175 2491 1303 2555; x_wconf 83' lang='lat' dir='ltr'>namque</span> <span class='ocrx_word' id='word_1_220' title='bbox 1324 2469 1360 2534; x_wconf 93' lang='lat' dir='ltr'>de</span> <span class='ocrx_word' id='word_1_221' title='bbox 1381 2488 1487 2533; x_wconf 87' lang='lat' dir='ltr'>mensa</span> <span class='ocrx_word' id='word_1_222' title='bbox 1508 2487 1564 2532; x_wconf 89' lang='lat' dir='ltr'>sa-</span> 
     </span>
     <span class='ocr_line' id='line_1_23' title="bbox 204 2574 1564 2660; baseline 0.001 -22"><span class='ocrx_word' id='word_1_223' title='bbox 204 2575 301 2639; x_wconf 83' lang='lat' dir='ltr'>orrr‘ne</span> <span class='ocrx_word' id='word_1_224' title='bbox 322 2595 413 2660; x_wconf 78' lang='lat' dir='ltr'>aeque</span> <span class='ocrx_word' id='word_1_225' title='bbox 436 2579 574 2643; x_wconf 86' lang='lat' dir='ltr'>minister</span> <span class='ocrx_word' id='word_1_226' title='bbox 591 2599 625 2644; x_wconf 90' lang='lat' dir='ltr'>uc</span> <span class='ocrx_word' id='word_1_227' title='bbox 646 2584 779 2659; x_wconf 75' lang='lat' dir='ltr'>annuae,</span> <span class='ocrx_word' id='word_1_228' title='bbox 801 2600 867 2647; x_wconf 88' lang='lat' dir='ltr'>cum</span> <span class='ocrx_word' id='word_1_229' title='bbox 898 2577 1004 2643; x_wconf 84' lang='lat' dir='ltr'>cordos</span> <span class='ocrx_word' id='word_1_230' title='bbox 1028 2584 1136 2659; x_wconf 88' lang='lat' dir='ltr'>sumit,</span> <span class='ocrx_word' id='word_1_231' title='bbox 1159 2578 1280 2643; x_wconf 85' lang='lat' dir='ltr'>brachio</span> <span class='ocrx_word' id='word_1_232' title='bbox 1300 2574 1482 2659; x_wconf 89' lang='lat' dir='ltr'>manipulum</span> <span class='ocrx_word' id='word_1_233' title='bbox 1497 2574 1564 2659; x_wconf 85' lang='lat' dir='ltr'>ipse</span> 
     </span>
     <span class='ocr_line' id='line_1_24' title="bbox 205 2683 1565 2768; baseline 0.001 -23"><span class='ocrx_word' id='word_1_234' title='bbox 205 2683 404 2747; x_wconf 82' lang='lat' dir='ltr'>celebrantem</span> <span class='ocrx_word' id='word_1_235' title='bbox 429 2684 466 2749; x_wconf 89' lang='lat' dir='ltr'>de</span> <span class='ocrx_word' id='word_1_236' title='bbox 488 2686 570 2751; x_wconf 82' lang='lat' dir='ltr'>facto</span> <span class='ocrx_word' id='word_1_237' title='bbox 593 2693 625 2752; x_wconf 91' lang='lat' dir='ltr'>in</span> <span class='ocrx_word' id='word_1_238' title='bbox 648 2691 786 2753; x_wconf 88' lang='lat' dir='ltr'>omnibus</span> <span class='ocrx_word' id='word_1_239' title='bbox 809 2688 867 2753; x_wconf 88' lang='lat' dir='ltr'>ed·</span> <span class='ocrx_word' id='word_1_240' title='bbox 897 2686 1024 2768; x_wconf 89' lang='lat' dir='ltr'>imponit</span> <span class='ocrx_word' id='word_1_241' title='bbox 1046 2695 1076 2750; x_wconf 87' lang='lat' dir='ltr'>et</span> <span class='ocrx_word' id='word_1_242' title='bbox 1098 2684 1199 2750; x_wconf 83' lang='lat' dir='ltr'>casula</span> <span class='ocrx_word' id='word_1_243' title='bbox 1221 2705 1256 2749; x_wconf 88' lang='lat' dir='ltr'>ss</span> <span class='ocrx_word' id='word_1_244' title='bbox 1278 2686 1356 2749; x_wconf 87' lang='lat' dir='ltr'>siout</span> <span class='ocrx_word' id='word_1_245' title='bbox 1378 2693 1409 2748; x_wconf 87' lang='lat' dir='ltr'>et</span> <span class='ocrx_word' id='word_1_246' title='bbox 1436 2686 1565 2748; x_wconf 84' lang='lat' dir='ltr'>caeteris</span> 
     </span>
     <span class='ocr_line' id='line_1_25' title="bbox 199 2787 1565 2877; baseline 0.001 -25"><span class='ocrx_word' id='word_1_247' title='bbox 199 2787 285 2875; x_wconf 85' lang='lat' dir='ltr'>juret</span> <span class='ocrx_word' id='word_1_248' title='bbox 302 2790 384 2873; x_wconf 87' lang='lat' dir='ltr'>eique</span> <span class='ocrx_word' id='word_1_249' title='bbox 399 2808 470 2856; x_wconf 82' lang='lat' dir='ltr'>rere</span> <span class='ocrx_word' id='word_1_250' title='bbox 484 2794 648 2863; x_wconf 75' lang='lat' dir='ltr'>subintret.</span> <span class='ocrx_word' id='word_1_251' title='bbox 668 2797 867 2861; x_wconf 77' lang='lat' dir='ltr'>Advenientis</span> <span class='ocrx_word' id='word_1_252' title='bbox 897 2793 995 2857; x_wconf 90' lang='lat' dir='ltr'>induit</span> <span class='ocrx_word' id='word_1_253' title='bbox 1017 2794 1167 2871; x_wconf 81' lang='lat' dir='ltr'>vestibus,</span> <span class='ocrx_word' id='word_1_254' title='bbox 1191 2793 1306 2877; x_wconf 81' lang='lat' dir='ltr'>quinci</span> <span class='ocrx_word' id='word_1_255' title='bbox 1323 2792 1462 2854; x_wconf 88' lang='lat' dir='ltr'>minister</span> <span class='ocrx_word' id='word_1_256' title='bbox 1482 2787 1565 2854; x_wconf 92' lang='lat' dir='ltr'>mul·</span> 
     </span>
     <span class='ocr_line' id='line_1_26' title="bbox 202 2895 1568 2985; baseline 0.001 -26"><span class='ocrx_word' id='word_1_257' title='bbox 202 2896 235 2959; x_wconf 87' lang='lat' dir='ltr'>ln</span> <span class='ocrx_word' id='word_1_258' title='bbox 248 2902 416 2961; x_wconf 75' lang='lat' dir='ltr'>sacristiam</span> <span class='ocrx_word' id='word_1_259' title='bbox 430 2900 608 2965; x_wconf 84' lang='lat' dir='ltr'>celebrantis</span> <span class='ocrx_word' id='word_1_260' title='bbox 622 2909 816 2985; x_wconf 82' lang='lat' dir='ltr'>superiorem,</span> <span class='ocrx_word' id='word_1_261' title='bbox 839 2910 867 2968; x_wconf 89' lang='lat' dir='ltr'>si</span> <span class='ocrx_word' id='word_1_262' title='bbox 898 2910 959 2963; x_wconf 89' lang='lat' dir='ltr'>tun</span> <span class='ocrx_word' id='word_1_263' title='bbox 988 2895 1102 2963; x_wconf 87' lang='lat' dir='ltr'>auxillo</span> <span class='ocrx_word' id='word_1_264' title='bbox 1131 2918 1259 2983; x_wconf 85' lang='lat' dir='ltr'>unquam</span> <span class='ocrx_word' id='word_1_265' title='bbox 1287 2903 1337 2962; x_wconf 86' lang='lat' dir='ltr'>eit.</span> <span class='ocrx_word' id='word_1_266' title='bbox 1384 2898 1447 2962; x_wconf 85' lang='lat' dir='ltr'>Usu</span> <span class='ocrx_word' id='word_1_267' title='bbox 1476 2898 1568 2962; x_wconf 86' lang='lat' dir='ltr'>etlam</span> 
     </span>
     <span class='ocr_line' id='line_1_27' title="bbox 203 3000 1569 3093; baseline 0.014 -28"><span class='ocrx_word' id='word_1_268' title='bbox 203 3000 324 3078; x_wconf 82' lang='lat' dir='ltr'>babeat,</span> <span class='ocrx_word' id='word_1_269' title='bbox 347 3014 460 3067; x_wconf 80' lang='lat' dir='ltr'>restem</span> <span class='ocrx_word' id='word_1_270' title='bbox 482 3009 591 3091; x_wconf 87' lang='lat' dir='ltr'>accipit</span> <span class='ocrx_word' id='word_1_271' title='bbox 612 3029 732 3093; x_wconf 67' lang='lat' dir='ltr'>umque</span> <span class='ocrx_word' id='word_1_272' title='bbox 753 3012 868 3077; x_wconf 88' lang='lat' dir='ltr'>decen·</span> <span class='ocrx_word' id='word_1_273' title='bbox 897 3027 958 3070; x_wconf 89' lang='lat' dir='ltr'>non</span> <span class='ocrx_word' id='word_1_274' title='bbox 989 3015 1038 3069; x_wconf 91' lang='lat' dir='ltr'>est</span> <span class='ocrx_word' id='word_1_275' title='bbox 1064 3025 1083 3068; x_wconf 85' lang='lat' dir='ltr'>e</span> <span class='ocrx_word' id='word_1_276' title='bbox 1110 3006 1292 3070; x_wconf 83' lang='lat' dir='ltr'>nostratibus</span> <span class='ocrx_word' id='word_1_277' title='bbox 1327 3013 1497 3088; x_wconf 69' lang='lat' dir='ltr'>receptum&gt;</span> <span class='ocrx_word' id='word_1_278' title='bbox 1534 3011 1569 3067; x_wconf 63' lang='lat' dir='ltr'>“i</span> 
     </span>
     <span class='ocr_line' id='line_1_28' title="bbox 202 3096 1564 3199; baseline 0.011 -29"><span class='ocrx_word' id='word_1_279' title='bbox 202 3116 250 3171; x_wconf 85' lang='lat' dir='ltr'>ter</span> <span class='ocrx_word' id='word_1_280' title='bbox 271 3110 477 3191; x_wconf 86' lang='lat' dir='ltr'>complicatam</span> <span class='ocrx_word' id='word_1_281' title='bbox 500 3134 555 3179; x_wconf 90' lang='lat' dir='ltr'>suo</span> <span class='ocrx_word' id='word_1_282' title='bbox 577 3113 644 3181; x_wconf 85' lang='lat' dir='ltr'>loco</span> <span class='ocrx_word' id='word_1_283' title='bbox 668 3116 800 3199; x_wconf 90' lang='lat' dir='ltr'>deponit.</span> <span class='ocrx_word' id='word_1_284' title='bbox 835 3120 868 3182; x_wconf 84' lang='lat' dir='ltr'>Si</span> <span class='ocrx_word' id='word_1_285' title='bbox 898 3096 1018 3177; x_wconf 72' lang='lat' dir='ltr'>lssfltrttll</span> <span class='ocrx_word' id='word_1_286' title='bbox 1038 3131 1072 3175; x_wconf 75' lang='lat'>⁸0</span> <span class='ocrx_word' id='word_1_287' title='bbox 1094 3132 1169 3196; x_wconf 68' lang='lat' dir='ltr'>tque</span> <span class='ocrx_word' id='word_1_288' title='bbox 1199 3111 1357 3195; x_wconf 64' lang='lat' dir='ltr'>egrcdltnfl</span> <span class='ocrx_word' id='word_1_289' title='bbox 1380 3131 1397 3175; x_wconf 69' lang='grc' dir='ltr'><strong>θ</strong></span> <span class='ocrx_word' id='word_1_290' title='bbox 1419 3110 1564 3173; x_wconf 59' lang='lat' dir='ltr'>Militi·</span> 
     </span>
     <span class='ocr_line' id='line_1_29' title="bbox 204 3215 1570 3307; baseline 0.004 -31"><span class='ocrx_word' id='word_1_291' title='bbox 204 3234 281 3297; x_wconf 93' lang='lat' dir='ltr'>opus</span> <span class='ocrx_word' id='word_1_292' title='bbox 302 3216 381 3281; x_wconf 85' lang='lat' dir='ltr'>forte</span> <span class='ocrx_word' id='word_1_293' title='bbox 404 3217 508 3293; x_wconf 85' lang='lat' dir='ltr'>luerit,</span> <span class='ocrx_word' id='word_1_294' title='bbox 525 3241 643 3307; x_wconf 73' lang='lat' dir='ltr'>‚aquam</span> <span class='ocrx_word' id='word_1_295' title='bbox 666 3224 816 3290; x_wconf 87' lang='lat' dir='ltr'>ministrat</span> <span class='ocrx_word' id='word_1_296' title='bbox 839 3232 868 3288; x_wconf 86' lang='lat' dir='ltr'>et</span> <span class='ocrx_word' id='word_1_297' title='bbox 899 3217 1051 3283; x_wconf 85' lang='lat' dir='ltr'>celebrans</span> <span class='ocrx_word' id='word_1_298' title='bbox 1073 3218 1235 3301; x_wconf 71' lang='lat' dir='ltr'>adspergat</span> <span class='ocrx_word' id='word_1_299' title='bbox 1256 3226 1306 3282; x_wconf 89' lang='lat' dir='ltr'>unt</span> <span class='ocrx_word' id='word_1_300' title='bbox 1328 3215 1394 3303; x_wconf 88' lang='lat' dir='ltr'>ejus</span> <span class='ocrx_word' id='word_1_301' title='bbox 1419 3215 1456 3281; x_wconf 82' lang='lat' dir='ltr'>ad</span> <span class='ocrx_word' id='word_1_302' title='bbox 1471 3217 1570 3281; x_wconf 87' lang='lat' dir='ltr'>altare</span> 
     </span>
     <span class='ocr_line' id='line_1_30' title="bbox 202 3321 1569 3419; baseline 0.003 -34"><span class='ocrx_word' id='word_1_303' title='bbox 202 3323 437 3419; x_wconf 66' lang='lat' dir='ltr'>menutergium3</span> <span class='ocrx_word' id='word_1_304' title='bbox 461 3328 623 3392; x_wconf 72' lang='lat' dir='ltr'>annueris</span> <span class='ocrx_word' id='word_1_305' title='bbox 639 3329 746 3394; x_wconf 65' lang='lat' dir='ltr'>deinde</span> <span class='ocrx_word' id='word_1_306' title='bbox 762 3352 868 3396; x_wconf 63' lang='lat' dir='ltr'>near-</span> <span class='ocrx_word' id='word_1_307' title='bbox 898 3344 1039 3390; x_wconf 89' lang='lat' dir='ltr'>accessus</span> <span class='ocrx_word' id='word_1_308' title='bbox 1062 3321 1254 3407; x_wconf 84' lang='lat' dir='ltr'>campanulae</span> <span class='ocrx_word' id='word_1_309' title='bbox 1277 3329 1366 3408; x_wconf 79' lang='lat' dir='ltr'>siguo</span> <span class='ocrx_word' id='word_1_310' title='bbox 1384 3322 1497 3408; x_wconf 89' lang='lat' dir='ltr'>pupulo</span> <span class='ocrx_word' id='word_1_311' title='bbox 1513 3325 1569 3389; x_wconf 89' lang='lat' dir='ltr'>in-</span> 
     </span>
     <span class='ocr_line' id='line_1_31' title="bbox 203 3426 1569 3526; baseline 0.002 -35"><span class='ocrx_word' id='word_1_312' title='bbox 203 3426 284 3494; x_wconf 87' lang='lat' dir='ltr'>dotis</span> <span class='ocrx_word' id='word_1_313' title='bbox 302 3439 387 3494; x_wconf 72' lang='lat' dir='ltr'>mans</span> <span class='ocrx_word' id='word_1_314' title='bbox 408 3451 473 3525; x_wconf 87' lang='lat' dir='ltr'>eum</span> <span class='ocrx_word' id='word_1_315' title='bbox 495 3435 526 3498; x_wconf 87' lang='lat' dir='ltr'>in</span> <span class='ocrx_word' id='word_1_316' title='bbox 550 3438 688 3501; x_wconf 88' lang='lat' dir='ltr'>omnibns</span> <span class='ocrx_word' id='word_1_317' title='bbox 700 3438 788 3526; x_wconf 78' lang='lat' dir='ltr'>Juvat</span> <span class='ocrx_word' id='word_1_318' title='bbox 810 3460 867 3523; x_wconf 83' lang='lat' dir='ltr'>ps·</span> <span class='ocrx_word' id='word_1_319' title='bbox 898 3431 1024 3500; x_wconf 88' lang='lat' dir='ltr'>dicetur.</span> <span class='ocrx_word' id='word_1_320' title='bbox 1054 3433 1154 3497; x_wconf 87' lang='lat' dir='ltr'>Bireto</span> <span class='ocrx_word' id='word_1_321' title='bbox 1171 3437 1312 3497; x_wconf 74' lang='lat' dir='ltr'>muonico</span> <span class='ocrx_word' id='word_1_322' title='bbox 1326 3429 1460 3505; x_wconf 82' lang='lat' dir='ltr'>tendum,</span> <span class='ocrx_word' id='word_1_323' title='bbox 1484 3428 1569 3514; x_wconf 78' lang='lat' dir='ltr'>quod</span> 
     </span>
     <span class='ocr_line' id='line_1_32' title="bbox 201 3537 1572 3625; baseline 0.001 -27"><span class='ocrx_word' id='word_1_324' title='bbox 201 3544 336 3600; x_wconf 87' lang='lat' dir='ltr'>ramenta</span> <span class='ocrx_word' id='word_1_325' title='bbox 354 3537 470 3620; x_wconf 80' lang='lat' dir='ltr'>singula</span> <span class='ocrx_word' id='word_1_326' title='bbox 492 3548 664 3625; x_wconf 83' lang='lat' dir='ltr'>porrigens.</span> <span class='ocrx_word' id='word_1_327' title='bbox 703 3544 866 3610; x_wconf 80' lang='lat' dir='ltr'>celebrans</span> <span class='ocrx_word' id='word_1_328' title='bbox 898 3540 1016 3605; x_wconf 84' lang='lat' dir='ltr'>trudere</span> <span class='ocrx_word' id='word_1_329' title='bbox 1044 3540 1082 3604; x_wconf 92' lang='lat' dir='ltr'>ad</span> <span class='ocrx_word' id='word_1_330' title='bbox 1112 3537 1205 3606; x_wconf 82' lang='lat' dir='ltr'>altere</span> <span class='ocrx_word' id='word_1_331' title='bbox 1227 3538 1366 3604; x_wconf 85' lang='lat' dir='ltr'>ministro</span> <span class='ocrx_word' id='word_1_332' title='bbox 1388 3542 1502 3620; x_wconf 86' lang='lat' dir='ltr'>possit,</span> <span class='ocrx_word' id='word_1_333' title='bbox 1538 3545 1572 3600; x_wconf 85' lang='lat' dir='ltr'>ut</span> 
     </span>
     <span class='ocr_line' id='line_1_33' title="bbox 202 3640 1267 3730; baseline 0.013 -25"><span class='ocrx_word' id='word_1_334' title='bbox 202 3640 281 3705; x_wconf 86' lang='lat' dir='ltr'>enlm</span> <span class='ocrx_word' id='word_1_335' title='bbox 316 3663 409 3729; x_wconf 85' lang='lat' dir='ltr'>neque</span> <span class='ocrx_word' id='word_1_336' title='bbox 442 3649 581 3713; x_wconf 87' lang='lat' dir='ltr'>amictum</span> <span class='ocrx_word' id='word_1_337' title='bbox 614 3671 669 3714; x_wconf 87' lang='lat' dir='ltr'>sua</span> <span class='ocrx_word' id='word_1_338' title='bbox 702 3654 794 3718; x_wconf 89' lang='lat' dir='ltr'>sumit</span> <span class='ocrx_word' id='word_1_339' title='bbox 830 3654 866 3717; x_wconf 92' lang='lat' dir='ltr'>de</span> <span class='ocrx_word' id='word_1_340' title='bbox 899 3647 1060 3730; x_wconf 77' lang='lat' dir='ltr'>plurimum</span> <span class='ocrx_word' id='word_1_341' title='bbox 1083 3666 1144 3711; x_wconf 65' lang='lat'>1¹⁰¹!</span> <span class='ocrx_word' id='word_1_342' title='bbox 1168 3651 1267 3713; x_wconf 66' lang='lat' dir='ltr'>uillar-</span> 
     </span>
     <span class='ocr_line' id='line_1_34' title="bbox 202 3754 868 3843; baseline 0.021 -32"><span class='ocrx_word' id='word_1_343' title='bbox 202 3765 301 3813; x_wconf 88' lang='lat' dir='ltr'>mensa</span> <span class='ocrx_word' id='word_1_344' title='bbox 326 3770 415 3815; x_wconf 89' lang='lat' dir='ltr'>manu</span> <span class='ocrx_word' id='word_1_345' title='bbox 437 3772 532 3838; x_wconf 88' lang='lat' dir='ltr'>neque</span> <span class='ocrx_word' id='word_1_346' title='bbox 554 3754 652 3822; x_wconf 86' lang='lat' dir='ltr'>elbam</span> <span class='ocrx_word' id='word_1_347' title='bbox 674 3778 770 3843; x_wconf 84' lang='lat' dir='ltr'>neque</span> <span class='ocrx_word' id='word_1_348' title='bbox 784 3757 868 3835; x_wconf 87' lang='lat' dir='ltr'>aliud</span> 
     </span>
     <span class='ocr_line' id='line_1_35' title="bbox 201 3850 867 3942; baseline 0.02 -23"><span class='ocrx_word' id='word_1_349' title='bbox 201 3855 394 3940; x_wconf 81' lang='lat' dir='ltr'>quodcunque</span> <span class='ocrx_word' id='word_1_350' title='bbox 408 3857 629 3942; x_wconf 68' lang='lat' dir='ltr'>indumentum</span> <span class='ocrx_word' id='word_1_351' title='bbox 652 3865 706 3930; x_wconf 85' lang='lat' dir='ltr'>sed</span> <span class='ocrx_word' id='word_1_352' title='bbox 720 3850 867 3942; x_wconf 84' lang='lat' dir='ltr'>minister,</span> 
     </span>
     <span class='ocr_line' id='line_1_36' title="bbox 201 3971 869 4055; baseline 0.019 -29"><span class='ocrx_word' id='word_1_353' title='bbox 201 3971 357 4047; x_wconf 81' lang='lat' dir='ltr'>postquam</span> <span class='ocrx_word' id='word_1_354' title='bbox 388 3971 528 4033; x_wconf 82' lang='lat' dir='ltr'>amictum</span> <span class='ocrx_word' id='word_1_355' title='bbox 558 3973 620 4055; x_wconf 90' lang='lat' dir='ltr'>ipsi</span> <span class='ocrx_word' id='word_1_356' title='bbox 654 3972 752 4049; x_wconf 86' lang='lat' dir='ltr'>dedit,</span> <span class='ocrx_word' id='word_1_357' title='bbox 791 3975 869 4039; x_wconf 89' lang='lat' dir='ltr'>sub·</span> 
     </span>
     <span class='ocr_line' id='line_1_37' title="bbox 200 4069 868 4165; baseline 0.015 -31"><span class='ocrx_word' id='word_1_358' title='bbox 200 4073 367 4136; x_wconf 85' lang='lat' dir='ltr'>mittentem</span> <span class='ocrx_word' id='word_1_359' title='bbox 389 4069 501 4138; x_wconf 90' lang='lat' dir='ltr'>collum</span> <span class='ocrx_word' id='word_1_360' title='bbox 522 4075 590 4143; x_wconf 85' lang='lat' dir='ltr'>albe</span> <span class='ocrx_word' id='word_1_361' title='bbox 617 4079 716 4146; x_wconf 84' lang='lat' dir='ltr'>induit</span> <span class='ocrx_word' id='word_1_362' title='bbox 742 4100 868 4165; x_wconf 87' lang='lat' dir='ltr'>porrec-</span> 
     </span>
     <span class='ocr_line' id='line_1_38' title="bbox 201 4182 868 4265; baseline 0.013 -23"><span class='ocrx_word' id='word_1_363' title='bbox 201 4184 329 4262; x_wconf 76' lang='lat' dir='ltr'>toquea</span> <span class='ocrx_word' id='word_1_364' title='bbox 357 4189 442 4264; x_wconf 78' lang='lat' dir='ltr'>tergo</span> <span class='ocrx_word' id='word_1_365' title='bbox 472 4182 591 4265; x_wconf 80' lang='lat' dir='ltr'>cingulo</span> <span class='ocrx_word' id='word_1_366' title='bbox 619 4187 822 4253; x_wconf 86' lang='lat' dir='ltr'>ministratum</span> <span class='ocrx_word' id='word_1_367' title='bbox 850 4208 868 4251; x_wconf 88' lang='lat' dir='ltr'>a</span> 
     </span>
     <span class='ocr_line' id='line_1_39' title="bbox 202 4286 867 4371; baseline 0.015 -25"><span class='ocrx_word' id='word_1_368' title='bbox 202 4302 236 4347; x_wconf 89' lang='lat' dir='ltr'>se</span> <span class='ocrx_word' id='word_1_369' title='bbox 257 4286 438 4371; x_wconf 89' lang='lat' dir='ltr'>manipulum</span> <span class='ocrx_word' id='word_1_370' title='bbox 467 4289 617 4356; x_wconf 81' lang='lat' dir='ltr'>chordulis</span> <span class='ocrx_word' id='word_1_371' title='bbox 648 4295 686 4358; x_wconf 91' lang='lat' dir='ltr'>ed</span> <span class='ocrx_word' id='word_1_372' title='bbox 715 4294 867 4359; x_wconf 80' lang='lat' dir='ltr'>brachium</span> 
     </span>
     <span class='ocr_line' id='line_1_40' title="bbox 203 4390 867 4471; baseline 0.011 -15"><span class='ocrx_word' id='word_1_373' title='bbox 203 4390 316 4471; x_wconf 77' lang='lat' dir='ltr'>dimat3</span> <span class='ocrx_word' id='word_1_374' title='bbox 350 4395 460 4460; x_wconf 83' lang='lat' dir='ltr'>stolam</span> <span class='ocrx_word' id='word_1_375' title='bbox 483 4398 571 4462; x_wconf 86' lang='lat' dir='ltr'>etiam</span> <span class='ocrx_word' id='word_1_376' title='bbox 595 4399 739 4464; x_wconf 87' lang='lat' dir='ltr'>ambabus</span> <span class='ocrx_word' id='word_1_377' title='bbox 761 4408 867 4465; x_wconf 89' lang='lat' dir='ltr'>tenens</span> 
     </span>
    </p>
   </div>
   <div class='ocr_carea' id='block_1_3' title="bbox 203 4524 415 4544">
    <p class='ocr_par' dir='ltr' id='par_1_5' title="bbox 203 4524 415 4544">
     <span class='ocr_line' id='line_1_41' title="bbox 203 4524 415 4544; baseline 0.024 -4"><span class='ocrx_word' id='word_1_378' title='bbox 203 4524 415 4544; x_wconf 42' lang='lat' dir='ltr'>m</span> 
     </span>
    </p>
   </div>
   <div class='ocr_carea' id='block_1_4' title="bbox 216 4593 1354 4678">
    <p class='ocr_par' dir='ltr' id='par_1_6' title="bbox 216 4593 1354 4678">
     <span class='ocr_line' id='line_1_42' title="bbox 216 4593 1354 4678; baseline 0.016 -30"><span class='ocrx_word' id='word_1_379' title='bbox 216 4593 239 4658; x_wconf 82' lang='lat'>¹)</span> <span class='ocrx_word' id='word_1_380' title='bbox 251 4596 367 4649; x_wconf 74' lang='lat' dir='ltr'>Bentian</span> <span class='ocrx_word' id='word_1_381' title='bbox 386 4602 504 4655; x_wconf 59' lang='lat' dir='ltr'>imitati</span> <span class='ocrx_word' id='word_1_382' title='bbox 520 4604 599 4655; x_wconf 77' lang='lat'><strong><em>18³8.</em></strong></span> <span class='ocrx_word' id='word_1_383' title='bbox 619 4603 725 4668; x_wconf 68' lang='lat' dir='ltr'>Barata</span> <span class='ocrx_word' id='word_1_384' title='bbox 749 4606 865 4672; x_wconf 72' lang='lat' dir='ltr'>copulet.</span> <span class='ocrx_word' id='word_1_385' title='bbox 911 4608 935 4673; x_wconf 88' lang='lat'>¹)</span> <span class='ocrx_word' id='word_1_386' title='bbox 948 4609 1034 4661; x_wconf 85' lang='lat' dir='ltr'>Urban</span> <span class='ocrx_word' id='word_1_387' title='bbox 1053 4611 1354 4678; x_wconf 81' lang='lat' dir='ltr'>viii.,ia1tioii1araits.</span> 
     </span>
    </p>
   </div>
   <div class='ocr_carea' id='block_1_5' title="bbox 255 4685 1411 4764">
    <p class='ocr_par' dir='ltr' id='par_1_7' title="bbox 255 4685 1411 4764">
     <span class='ocr_line' id='line_1_43' title="bbox 255 4685 1411 4764; baseline 0.016 -29"><span class='ocrx_word' id='word_1_388' title='bbox 255 4685 281 4734; x_wconf 81' lang='grc'>4.</span> <span class='ocrx_word' id='word_1_389' title='bbox 300 4687 369 4751; x_wconf 77' lang='lat' dir='ltr'>Apr.</span> <span class='ocrx_word' id='word_1_390' title='bbox 386 4692 468 4742; x_wconf 73' lang='lat'><em>1009.</em></span> <span class='ocrx_word' id='word_1_391' title='bbox 909 4694 935 4764; x_wconf 82' lang='lat'>¹)</span> <span class='ocrx_word' id='word_1_392' title='bbox 946 4697 1022 4751; x_wconf 78' lang='lat' dir='ltr'>neor.</span> <span class='ocrx_word' id='word_1_393' title='bbox 1040 4700 1066 4750; x_wconf 80' lang='lat'>8.</span> <span class='ocrx_word' id='word_1_394' title='bbox 1086 4701 1114 4751; x_wconf 83' lang='lat' dir='ltr'>li.</span> <span class='ocrx_word' id='word_1_395' title='bbox 1134 4701 1161 4752; x_wconf 81' lang='lat' dir='ltr'>c.</span> <span class='ocrx_word' id='word_1_396' title='bbox 1178 4701 1221 4755; x_wconf 72' lang='lat'>8⁰.</span> <span class='ocrx_word' id='word_1_397' title='bbox 1238 4710 1314 4755; x_wconf 79' lang='lat' dir='ltr'>mart</span> <span class='ocrx_word' id='word_1_398' title='bbox 1334 4703 1411 4757; x_wconf 72' lang='lat' dir='ltr'>turb.</span> 
     </span>
    </p>
   </div>
   <div class='ocr_carea' id='block_1_6' title="bbox 215 4762 1569 4942">
    <p class='ocr_par' dir='ltr' id='par_1_8' title="bbox 215 4762 1569 4942">
     <span class='ocr_line' id='line_1_44' title="bbox 215 4762 1569 4861; baseline 0.013 -32"><span class='ocrx_word' id='word_1_399' title='bbox 215 4762 448 4831; x_wconf 80' lang='lat' dir='ltr'>&#39;i⁷.tu1t1a</span> <span class='ocrx_word' id='word_1_400' title='bbox 567 4766 570 4769; x_wconf 83' lang='grc'><strong>’</strong></span> <span class='ocrx_word' id='word_1_401' title='bbox 909 4784 992 4852; x_wconf 65' lang='lat' dir='ltr'>aar.</span> <span class='ocrx_word' id='word_1_402' title='bbox 1017 4788 1089 4852; x_wconf 72' lang='lat' dir='ltr'>sepe</span> <span class='ocrx_word' id='word_1_403' title='bbox 1114 4791 1198 4858; x_wconf 61' lang='lat' dir='ltr'>susm</span> <span class='ocrx_word' id='word_1_404' title='bbox 1225 4792 1270 4845; x_wconf 82' lang='lat' dir='ltr'>ar.</span> <span class='ocrx_word' id='word_1_405' title='bbox 1297 4794 1371 4861; x_wconf 70' lang='lat' dir='ltr'>spur</span> <span class='ocrx_word' id='word_1_406' title='bbox 1400 4788 1486 4856; x_wconf 84' lang='lat' dir='ltr'>aste;</span> <span class='ocrx_word' id='word_1_407' title='bbox 1523 4789 1569 4846; x_wconf 79' lang='lat' dir='ltr'>at.</span> 
     </span>
     <span class='ocr_line' id='line_1_45' title="bbox 217 4851 1115 4942; baseline 0.018 -24"><span class='ocrx_word' id='word_1_408' title='bbox 217 4851 242 4918; x_wconf 85' lang='lat'>⁸)</span> <span class='ocrx_word' id='word_1_409' title='bbox 254 4854 309 4907; x_wconf 83' lang='lat' dir='ltr'>cn.</span> <span class='ocrx_word' id='word_1_410' title='bbox 319 4856 583 4921; x_wconf 69' lang='lat' dir='ltr'>amoenamus.</span> <span class='ocrx_word' id='word_1_411' title='bbox 592 4867 645 4925; x_wconf 83' lang='lat' dir='ltr'>vu.</span> <span class='ocrx_word' id='word_1_412' title='bbox 655 4868 700 4923; x_wconf 81' lang='lat' dir='ltr'>ar.</span> <span class='ocrx_word' id='word_1_413' title='bbox 712 4878 779 4936; x_wconf 68' lang='lat' dir='ltr'>ope</span> <span class='ocrx_word' id='word_1_414' title='bbox 797 4872 864 4926; x_wconf 81' lang='lat' dir='ltr'>ruse</span> <span class='ocrx_word' id='word_1_415' title='bbox 951 4874 1017 4942; x_wconf 62' lang='lat' dir='ltr'>sup</span> <span class='ocrx_word' id='word_1_416' title='bbox 1039 4876 1115 4933; x_wconf 78' lang='lat' dir='ltr'>asna.</span> 
     </span>
    </p>
   </div>
   <div class='ocr_carea' id='block_1_7' title="bbox 257 4941 1353 5029">
    <p class='ocr_par' dir='ltr' id='par_1_9' title="bbox 257 4941 1353 5029">
     <span class='ocr_line' id='line_1_46' title="bbox 257 4941 1353 5029; baseline 0.03 -37"><span class='ocrx_word' id='word_1_417' title='bbox 257 4942 292 4994; x_wconf 82' lang='lat' dir='ltr'>ad</span> <span class='ocrx_word' id='word_1_418' title='bbox 308 4941 351 4996; x_wconf 82' lang='lat' dir='ltr'>tt.</span> <span class='ocrx_word' id='word_1_419' title='bbox 907 4959 933 5029; x_wconf 82' lang='lat'>⁴)</span> <span class='ocrx_word' id='word_1_420' title='bbox 947 4962 990 5020; x_wconf 76' lang='lat' dir='ltr'>ct.</span> <span class='ocrx_word' id='word_1_421' title='bbox 1007 4964 1081 5021; x_wconf 71' lang='lat' dir='ltr'>nou</span> <span class='ocrx_word' id='word_1_422' title='bbox 1100 4969 1212 5026; x_wconf 77' lang='lat' dir='ltr'>sutett</span> <span class='ocrx_word' id='word_1_423' title='bbox 1229 4984 1257 5029; x_wconf 80' lang='lat' dir='ltr'>a.</span> <span class='ocrx_word' id='word_1_424' title='bbox 1273 4969 1353 5026; x_wconf 73' lang='lat' dir='ltr'>icen</span> 
     </span>
    </p>
   </div>
   <div class='ocr_carea' id='block_1_8' title="bbox 0 0 1704 5224">
    <p class='ocr_par' dir='ltr' id='par_1_10' title="bbox 0 0 1704 5224">
     <span class='ocr_line' id='line_1_47' title="bbox 0 0 1704 5224; baseline 0 1"><span class='ocrx_word' id='word_1_425' title='bbox 0 0 1704 5224; x_wconf 95' lang='lat' dir='ltr'> </span> 
     </span>
    </p>
   </div>
  </div>
 </body>
</html>
