<?xml version="1.0" encoding="UTF-8"?>
<!DOCTYPE html PUBLIC "-//W3C//DTD XHTML 1.0 Transitional//EN"
    "http://www.w3.org/TR/xhtml1/DTD/xhtml1-transitional.dtd">
<html xmlns="http://www.w3.org/1999/xhtml" xml:lang="en" lang="en">
 <head>
  <title>
</title>
<meta http-equiv="Content-Type" content="text/html;charset=utf-8" />
  <meta name='ocr-system' content='tesseract 3.04.00' />
  <meta name='ocr-capabilities' content='ocr_page ocr_carea ocr_par ocr_line ocrx_word'/>
</head>
<body>
  <div class='ocr_page' id='page_1' title='image "./archivfrkatholi08jurigoog_0421.png"; bbox 0 0 3400 5224; ppageno 0'>
   <div class='ocr_carea' id='block_1_1' title="bbox 1415 84 1497 183">
    <p class='ocr_par' dir='ltr' id='par_1_1' title="bbox 1415 84 1497 183">
     <span class='ocr_line' id='line_1_1' title="bbox 1415 84 1497 183; baseline -0.024 0"><span class='ocrx_word' id='word_1_1' title='bbox 1415 84 1497 183; x_wconf 79' lang='lat' dir='ltr'><strong>err</strong></span> 
     </span>
    </p>
   </div>
   <div class='ocr_carea' id='block_1_2' title="bbox 135 300 1502 2441">
    <p class='ocr_par' dir='ltr' id='par_1_2' title="bbox 135 300 1502 1675">
     <span class='ocr_line' id='line_1_2' title="bbox 135 300 1498 387; baseline -0.009 -8"><span class='ocrx_word' id='word_1_2' title='bbox 135 332 188 378; x_wconf 87' lang='lat' dir='ltr'><strong>suo</strong></span> <span class='ocrx_word' id='word_1_3' title='bbox 210 314 288 378; x_wconf 80' lang='lat' dir='ltr'><strong>torte</strong></span> <span class='ocrx_word' id='word_1_4' title='bbox 311 313 457 376; x_wconf 75' lang='lat' dir='ltr'><strong>deessem.</strong></span> <span class='ocrx_word' id='word_1_5' title='bbox 506 305 697 373; x_wconf 75' lang='lat' dir='ltr'><strong>Ftndmente</strong></span> <span class='ocrx_word' id='word_1_6' title='bbox 718 308 751 371; x_wconf 82' lang='lat' dir='ltr'><strong>ri</strong></span> <span class='ocrx_word' id='word_1_7' title='bbox 771 300 949 372; x_wconf 81' lang='lat' dir='ltr'><strong>commenda</strong></span> <span class='ocrx_word' id='word_1_8' title='bbox 972 304 1405 387; x_wconf 80' lang='lat' dir='ltr'><strong>erprerat‘oemente-verbr</strong></span> <span class='ocrx_word' id='word_1_9' title='bbox 1427 313 1498 367; x_wconf 86' lang='lat' dir='ltr'><strong>aunt</strong></span> 
     </span>
     <span class='ocr_line' id='line_1_3' title="bbox 135 394 1498 497; baseline -0.007 -15"><span class='ocrx_word' id='word_1_10' title='bbox 135 420 242 483; x_wconf 81' lang='lat' dir='ltr'><strong>Emori.</strong></span> <span class='ocrx_word' id='word_1_11' title='bbox 272 416 451 482; x_wconf 80' lang='lat' dir='ltr'><strong>Marcioscbi</strong></span> <span class='ocrx_word' id='word_1_12' title='bbox 473 454 517 465; x_wconf 85' lang='lat'>—</span> <span class='ocrx_word' id='word_1_13' title='bbox 540 417 592 482; x_wconf 80' lang='lat' dir='ltr'><strong>ebe</strong></span> <span class='ocrx_word' id='word_1_14' title='bbox 621 417 700 479; x_wconf 81' lang='lat' dir='ltr'><strong>tutti</strong></span> <span class='ocrx_word' id='word_1_15' title='bbox 725 435 742 477; x_wconf 90' lang='lat' dir='ltr'><strong>c</strong></span> <span class='ocrx_word' id='word_1_16' title='bbox 764 410 875 497; x_wconf 61' lang='lat' dir='ltr'><strong>dcccli</strong></span> <span class='ocrx_word' id='word_1_17' title='bbox 894 410 1092 493; x_wconf 79' lang='lat' dir='ltr'><strong>euprcddeitt&#39;</strong></span> <span class='ocrx_word' id='word_1_18' title='bbox 1111 412 1216 475; x_wconf 77' lang='lat' dir='ltr'><strong>ordint</strong></span> <span class='ocrx_word' id='word_1_19' title='bbox 1236 414 1268 476; x_wconf 69' lang='lat' dir='ltr'><strong>aa·</strong></span> <span class='ocrx_word' id='word_1_20' title='bbox 1288 396 1419 476; x_wconf 76' lang='lat' dir='ltr'><strong>deltano</strong></span> <span class='ocrx_word' id='word_1_21' title='bbox 1441 394 1498 474; x_wconf 78' lang='lat' dir='ltr'><strong>iu-</strong></span> 
     </span>
     <span class='ocr_line' id='line_1_4' title="bbox 136 500 1497 602; baseline -0.004 -13"><span class='ocrx_word' id='word_1_22' title='bbox 136 523 356 591; x_wconf 80' lang='lat' dir='ltr'><strong>m’ctcdt&#39;lmeote</strong></span> <span class='ocrx_word' id='word_1_23' title='bbox 387 543 550 589; x_wconf 71' lang='lat' dir='ltr'><em>asservare</em></span> <span class='ocrx_word' id='word_1_24' title='bbox 579 544 597 586; x_wconf 88' lang='lat' dir='ltr'><strong>e</strong></span> <span class='ocrx_word' id='word_1_25' title='bbox 627 524 682 587; x_wconf 79' lang='lat' dir='ltr'><strong>ebe</strong></span> <span class='ocrx_word' id='word_1_26' title='bbox 710 523 741 587; x_wconf 81' lang='lat' dir='ltr'><strong>rt</strong></span> <span class='ocrx_word' id='word_1_27' title='bbox 768 518 929 587; x_wconf 78' lang='lat' dir='ltr'><strong>ottedisea</strong></span> <span class='ocrx_word' id='word_1_28' title='bbox 950 524 1152 584; x_wconf 85' lang='lat' dir='ltr'><strong>eeuttumentc</strong></span> <span class='ocrx_word' id='word_1_29' title='bbox 1173 538 1230 598; x_wconf 85' lang='lat' dir='ltr'><strong>per</strong></span> <span class='ocrx_word' id='word_1_30' title='bbox 1252 516 1365 602; x_wconf 76' lang='lat' dir='ltr'><strong>pardo,</strong></span> <span class='ocrx_word' id='word_1_31' title='bbox 1454 500 1497 583; x_wconf 61' lang='lat'><strong>.3.</strong></span> 
     </span>
     <span class='ocr_line' id='line_1_5' title="bbox 136 608 1498 712; baseline -0.007 -16"><span class='ocrx_word' id='word_1_32' title='bbox 136 636 217 697; x_wconf 83' lang='lat' dir='ltr'><strong>cotto</strong></span> <span class='ocrx_word' id='word_1_33' title='bbox 236 651 320 712; x_wconf 79' lang='lat' dir='ltr'><strong>pene</strong></span> <span class='ocrx_word' id='word_1_34' title='bbox 340 633 377 694; x_wconf 73' lang='lat' dir='ltr'><strong>or·</strong></span> <span class='ocrx_word' id='word_1_35' title='bbox 396 632 529 696; x_wconf 80' lang='lat' dir='ltr'><strong>meretri</strong></span> <span class='ocrx_word' id='word_1_36' title='bbox 548 630 585 694; x_wconf 78' lang='lat' dir='ltr'><strong>di</strong></span> <span class='ocrx_word' id='word_1_37' title='bbox 604 628 766 695; x_wconf 78' lang='lat' dir='ltr'><strong>cert&#39;rrtom&#39;e</strong></span> <span class='ocrx_word' id='word_1_38' title='bbox 787 629 840 693; x_wconf 83' lang='lat' dir='ltr'><strong>cde</strong></span> <span class='ocrx_word' id='word_1_39' title='bbox 862 630 1078 692; x_wconf 81' lang='lat' dir='ltr'><strong>aeeirteranreo</strong></span> <span class='ocrx_word' id='word_1_40' title='bbox 1101 623 1162 691; x_wconf 85' lang='lat' dir='ltr'><strong>elle</strong></span> <span class='ocrx_word' id='word_1_41' title='bbox 1181 628 1342 707; x_wconf 58' lang='lat' dir='ltr'><strong>fenerem}</strong></span> <span class='ocrx_word' id='word_1_42' title='bbox 1365 634 1411 690; x_wconf 86' lang='lat' dir='ltr'><strong>&#39;ee</strong></span> <span class='ocrx_word' id='word_1_43' title='bbox 1438 608 1498 688; x_wconf 70' lang='lat' dir='ltr'><strong>neit</strong></span> 
     </span>
     <span class='ocr_line' id='line_1_6' title="bbox 137 726 1501 821; baseline -0.006 -17"><span class='ocrx_word' id='word_1_44' title='bbox 137 741 275 821; x_wconf 75' lang='lat' dir='ltr'><strong>ferarum</strong></span> <span class='ocrx_word' id='word_1_45' title='bbox 305 740 460 818; x_wconf 78' lang='lat' dir='ltr'><strong>adcmpire</strong></span> <span class='ocrx_word' id='word_1_46' title='bbox 482 742 682 803; x_wconf 80' lang='lat' dir='ltr'><strong>crottameute</strong></span> <span class='ocrx_word' id='word_1_47' title='bbox 706 740 783 801; x_wconf 83' lang='lat' dir='ltr'><strong>tutte</strong></span> <span class='ocrx_word' id='word_1_48' title='bbox 804 734 832 798; x_wconf 86' lang='lat' dir='ltr'><strong>le</strong></span> <span class='ocrx_word' id='word_1_49' title='bbox 854 736 1015 800; x_wconf 79' lang='lat' dir='ltr'><strong>eerr‘mont&#39;e</strong></span> <span class='ocrx_word' id='word_1_50' title='bbox 1036 735 1075 797; x_wconf 84' lang='lat' dir='ltr'><strong>ed</strong></span> <span class='ocrx_word' id='word_1_51' title='bbox 1089 736 1104 796; x_wconf 76' lang='lat' dir='ltr'><em>i</em></span> <span class='ocrx_word' id='word_1_52' title='bbox 1117 736 1177 797; x_wconf 86' lang='lat' dir='ltr'><strong>rr&#39;tc&#39;</strong></span> <span class='ocrx_word' id='word_1_53' title='bbox 1192 736 1372 814; x_wconf 71' lang='lat' dir='ltr'><strong>proserius,</strong></span> <span class='ocrx_word' id='word_1_54' title='bbox 1385 735 1401 796; x_wconf 74' lang='grc' dir='ltr'><strong>ι’</strong></span> <span class='ocrx_word' id='word_1_55' title='bbox 1413 726 1501 816; x_wconf 79' lang='lat' dir='ltr'><strong>quali</strong></span> 
     </span>
     <span class='ocr_line' id='line_1_7' title="bbox 138 840 1499 923; baseline -0.001 -17"><span class='ocrx_word' id='word_1_56' title='bbox 138 848 271 909; x_wconf 81' lang='lat' dir='ltr'><strong>meretri</strong></span> <span class='ocrx_word' id='word_1_57' title='bbox 289 843 326 907; x_wconf 81' lang='lat' dir='ltr'><strong>di</strong></span> <span class='ocrx_word' id='word_1_58' title='bbox 346 846 507 908; x_wconf 82' lang='lat' dir='ltr'><strong>cere&#39;mom&#39;e</strong></span> <span class='ocrx_word' id='word_1_59' title='bbox 528 844 642 907; x_wconf 83' lang='lat' dir='ltr'><strong>deeerw</strong></span> <span class='ocrx_word' id='word_1_60' title='bbox 670 863 773 906; x_wconf 80' lang='lat' dir='ltr'><strong>eccere</strong></span> <span class='ocrx_word' id='word_1_61' title='bbox 795 840 910 906; x_wconf 80' lang='lat' dir='ltr'><strong>ulmeae</strong></span> <span class='ocrx_word' id='word_1_62' title='bbox 934 844 973 903; x_wconf 82' lang='lat' dir='ltr'><strong>e&#39;u</strong></span> <span class='ocrx_word' id='word_1_63' title='bbox 996 843 1130 907; x_wconf 75' lang='lat' dir='ltr'><strong>auerte</strong></span> <span class='ocrx_word' id='word_1_64' title='bbox 1154 844 1240 904; x_wconf 80' lang='lat' dir='ltr'><strong>tante</strong></span> <span class='ocrx_word' id='word_1_65' title='bbox 1262 843 1297 903; x_wconf 85' lang='lat' dir='ltr'><strong>r&#39;rt</strong></span> <span class='ocrx_word' id='word_1_66' title='bbox 1319 843 1422 923; x_wconf 77' lang='lat' dir='ltr'><strong>questo</strong></span> <span class='ocrx_word' id='word_1_67' title='bbox 1446 840 1499 904; x_wconf 80' lang='lat' dir='ltr'><strong>cde</strong></span> 
     </span>
     <span class='ocr_line' id='line_1_8' title="bbox 139 946 1499 1034; baseline -0.001 -21"><span class='ocrx_word' id='word_1_68' title='bbox 139 952 172 1013; x_wconf 84' lang='lat' dir='ltr'><strong>r&#39;n</strong></span> <span class='ocrx_word' id='word_1_69' title='bbox 204 954 277 1034; x_wconf 72' lang='lat' dir='ltr'><strong>oqui</strong></span> <span class='ocrx_word' id='word_1_70' title='bbox 304 946 389 1015; x_wconf 84' lang='lat' dir='ltr'><strong>ultre</strong></span> <span class='ocrx_word' id='word_1_71' title='bbox 409 953 561 1032; x_wconf 77' lang='lat' dir='ltr'><strong>funzione</strong></span> <span class='ocrx_word' id='word_1_72' title='bbox 583 948 704 1013; x_wconf 77' lang='lat' dir='ltr'><strong>solenne</strong></span> <span class='ocrx_word' id='word_1_73' title='bbox 727 998 735 1015; x_wconf 94' lang='lat'><strong>.</strong></span> <span class='ocrx_word' id='word_1_74' title='bbox 759 992 767 1008; x_wconf 89' lang='lat'><strong><em>.</em></strong></span> <span class='ocrx_word' id='word_1_75' title='bbox 792 995 800 1011; x_wconf 90' lang='lat'><strong>.</strong></span> <span class='ocrx_word' id='word_1_76' title='bbox 825 992 833 1009; x_wconf 88' lang='lat'><em>.</em></span> <span class='ocrx_word' id='word_1_77' title='bbox 857 969 875 1013; x_wconf 88' lang='lat' dir='ltr'><strong>e</strong></span> <span class='ocrx_word' id='word_1_78' title='bbox 896 950 933 1010; x_wconf 74' lang='lat' dir='ltr'><strong>m·</strong></span> <span class='ocrx_word' id='word_1_79' title='bbox 947 951 1154 1033; x_wconf 76' lang='lat' dir='ltr'><strong>truapreeaore&#39;</strong></span> <span class='ocrx_word' id='word_1_80' title='bbox 1165 948 1437 1029; x_wconf 79' lang='lat' dir='ltr'><strong>reapettt&#39;rcmente</strong></span> <span class='ocrx_word' id='word_1_81' title='bbox 1451 946 1499 1011; x_wconf 84' lang='lat' dir='ltr'><strong>de&#39;</strong></span> 
     </span>
     <span class='ocr_line' id='line_1_9' title="bbox 137 1052 1499 1139; baseline -0.002 -18"><span class='ocrx_word' id='word_1_82' title='bbox 137 1057 282 1121; x_wconf 81' lang='lat' dir='ltr'><strong>suddette&#39;</strong></span> <span class='ocrx_word' id='word_1_83' title='bbox 294 1057 415 1133; x_wconf 77' lang='lat' dir='ltr'><strong>ordini,</strong></span> <span class='ocrx_word' id='word_1_84' title='bbox 437 1059 474 1120; x_wconf 74' lang='lat' dir='ltr'><strong>dt·</strong></span> <span class='ocrx_word' id='word_1_85' title='bbox 493 1059 585 1124; x_wconf 73' lang='lat' dir='ltr'><strong>erudi</strong></span> <span class='ocrx_word' id='word_1_86' title='bbox 603 1057 687 1123; x_wconf 77' lang='lat' dir='ltr'><strong>dteet&#39;</strong></span> <span class='ocrx_word' id='word_1_87' title='bbox 706 1056 791 1120; x_wconf 86' lang='lat' dir='ltr'><strong>d&#39;ero</strong></span> <span class='ocrx_word' id='word_1_88' title='bbox 814 1052 1017 1138; x_wconf 80' lang='lat' dir='ltr'><strong>d’epplr&#39;curst‘</strong></span> <span class='ocrx_word' id='word_1_89' title='bbox 1038 1078 1059 1120; x_wconf 82' lang='lat' dir='ltr'><strong>a</strong></span> <span class='ocrx_word' id='word_1_90' title='bbox 1080 1052 1181 1139; x_wconf 75' lang='lat' dir='ltr'><strong>laeqit&#39;</strong></span> <span class='ocrx_word' id='word_1_91' title='bbox 1203 1055 1269 1136; x_wconf 77' lang='lat' dir='ltr'><strong>pii,</strong></span> <span class='ocrx_word' id='word_1_92' title='bbox 1291 1054 1328 1118; x_wconf 86' lang='lat' dir='ltr'><strong>ed</strong></span> <span class='ocrx_word' id='word_1_93' title='bbox 1352 1075 1372 1118; x_wconf 86' lang='lat' dir='ltr'><strong>a</strong></span> <span class='ocrx_word' id='word_1_94' title='bbox 1394 1052 1499 1139; x_wconf 71' lang='lat' dir='ltr'><strong>Repo-</strong></span> 
     </span>
     <span class='ocr_line' id='line_1_10' title="bbox 136 1158 1500 1246; baseline 0 -20"><span class='ocrx_word' id='word_1_95' title='bbox 136 1163 203 1229; x_wconf 81' lang='lat' dir='ltr'><strong>turr&#39;</strong></span> <span class='ocrx_word' id='word_1_96' title='bbox 222 1161 303 1228; x_wconf 81' lang='lat' dir='ltr'><strong>delta</strong></span> <span class='ocrx_word' id='word_1_97' title='bbox 322 1166 506 1246; x_wconf 72' lang='lat' dir='ltr'><strong>privacione</strong></span> <span class='ocrx_word' id='word_1_98' title='bbox 527 1164 564 1228; x_wconf 75' lang='lat' dir='ltr'><strong>dt·</strong></span> <span class='ocrx_word' id='word_1_99' title='bbox 582 1183 657 1228; x_wconf 85' lang='lat' dir='ltr'><strong>ecee</strong></span> <span class='ocrx_word' id='word_1_100' title='bbox 678 1166 781 1227; x_wconf 81' lang='lat' dir='ltr'><strong>attice</strong></span> <span class='ocrx_word' id='word_1_101' title='bbox 804 1165 988 1244; x_wconf 70' lang='lat' dir='ltr'><strong>courcero,</strong></span> <span class='ocrx_word' id='word_1_102' title='bbox 1010 1162 1048 1226; x_wconf 77' lang='lat' dir='ltr'><strong>dr·</strong></span> <span class='ocrx_word' id='word_1_103' title='bbox 1071 1181 1212 1240; x_wconf 82' lang='lat' dir='ltr'><strong>carcere,</strong></span> <span class='ocrx_word' id='word_1_104' title='bbox 1243 1162 1282 1226; x_wconf 88' lang='lat' dir='ltr'><strong>ed</strong></span> <span class='ocrx_word' id='word_1_105' title='bbox 1311 1158 1392 1224; x_wconf 83' lang='lat' dir='ltr'><strong>altre</strong></span> <span class='ocrx_word' id='word_1_106' title='bbox 1422 1179 1500 1240; x_wconf 81' lang='lat' dir='ltr'><strong>pene</strong></span> 
     </span>
     <span class='ocr_line' id='line_1_11' title="bbox 137 1265 1498 1354; baseline -0.003 -20"><span class='ocrx_word' id='word_1_107' title='bbox 137 1271 286 1354; x_wconf 71' lang='lat' dir='ltr'><strong>moypion‘</strong></span> <span class='ocrx_word' id='word_1_108' title='bbox 316 1272 472 1335; x_wconf 84' lang='lat' dir='ltr'><strong>re‘rercote</strong></span> <span class='ocrx_word' id='word_1_109' title='bbox 501 1292 521 1335; x_wconf 85' lang='lat' dir='ltr'><strong>c</strong></span> <span class='ocrx_word' id='word_1_110' title='bbox 551 1274 654 1335; x_wconf 80' lang='lat' dir='ltr'><strong>nostru</strong></span> <span class='ocrx_word' id='word_1_111' title='bbox 692 1269 839 1345; x_wconf 76' lang='lat' dir='ltr'><strong>arbitrtu,</strong></span> <span class='ocrx_word' id='word_1_112' title='bbox 875 1269 1109 1335; x_wconf 79' lang='lat' dir='ltr'><strong>dt&#39;ebt&#39;orendoet&#39;</strong></span> <span class='ocrx_word' id='word_1_113' title='bbox 1137 1269 1192 1333; x_wconf 82' lang='lat' dir='ltr'><strong>cde</strong></span> <span class='ocrx_word' id='word_1_114' title='bbox 1220 1273 1254 1333; x_wconf 84' lang='lat' dir='ltr'><strong>r&#39;n</strong></span> <span class='ocrx_word' id='word_1_115' title='bbox 1283 1269 1398 1350; x_wconf 74' lang='lat' dir='ltr'><strong>difette</strong></span> <span class='ocrx_word' id='word_1_116' title='bbox 1428 1265 1498 1333; x_wconf 84' lang='lat' dir='ltr'><strong>delt&#39;</strong></span> 
     </span>
     <span class='ocr_line' id='line_1_12' title="bbox 138 1370 1502 1460; baseline -0.001 -21"><span class='ocrx_word' id='word_1_117' title='bbox 138 1394 347 1457; x_wconf 72' lang='lat' dir='ltr'><strong>ormenae,</strong></span> <span class='ocrx_word' id='word_1_118' title='bbox 369 1379 402 1440; x_wconf 74' lang='lat' dir='ltr'><strong>at</strong></span> <span class='ocrx_word' id='word_1_119' title='bbox 420 1375 591 1459; x_wconf 75' lang='lat' dir='ltr'><strong>procederet</strong></span> <span class='ocrx_word' id='word_1_120' title='bbox 610 1375 666 1457; x_wconf 82' lang='lat' dir='ltr'><strong>ptri</strong></span> <span class='ocrx_word' id='word_1_121' title='bbox 688 1379 927 1460; x_wconf 72' lang='lat' dir='ltr'><strong>n&#39;qoreeamerrte</strong></span> <span class='ocrx_word' id='word_1_122' title='bbox 948 1382 1057 1441; x_wconf 86' lang='lat' dir='ltr'><strong>eontra</strong></span> <span class='ocrx_word' id='word_1_123' title='bbox 1077 1373 1298 1455; x_wconf 76' lang='lat' dir='ltr'><strong>iSuperr’ort&#39;e</strong></span> <span class='ocrx_word' id='word_1_124' title='bbox 1313 1370 1502 1459; x_wconf 71' lang='lat' dir='ltr'><strong>Supreatorn&#39;</strong></span> 
     </span>
     <span class='ocr_line' id='line_1_13' title="bbox 139 1478 1501 1568; baseline -0.002 -20"><span class='ocrx_word' id='word_1_125' title='bbox 139 1482 218 1549; x_wconf 81' lang='lat' dir='ltr'><strong>delle</strong></span> <span class='ocrx_word' id='word_1_126' title='bbox 240 1484 358 1558; x_wconf 84' lang='lat' dir='ltr'><strong>clt&#39;eac,</strong></span> <span class='ocrx_word' id='word_1_127' title='bbox 388 1486 425 1549; x_wconf 80' lang='lat' dir='ltr'><strong>et</strong></span> <span class='ocrx_word' id='word_1_128' title='bbox 451 1482 539 1567; x_wconf 76' lang='lat' dir='ltr'><strong>poelt</strong></span> <span class='ocrx_word' id='word_1_129' title='bbox 566 1486 749 1564; x_wconf 82' lang='lat' dir='ltr'><strong>eppertterre</strong></span> <span class='ocrx_word' id='word_1_130' title='bbox 767 1483 824 1565; x_wconf 78' lang='lat' dir='ltr'><strong>piri</strong></span> <span class='ocrx_word' id='word_1_131' title='bbox 846 1485 903 1548; x_wconf 83' lang='lat' dir='ltr'><strong>ebe</strong></span> <span class='ocrx_word' id='word_1_132' title='bbox 923 1485 965 1549; x_wconf 86' lang='lat' dir='ltr'><strong>ed</strong></span> <span class='ocrx_word' id='word_1_133' title='bbox 986 1484 1059 1568; x_wconf 63' lang='lat' dir='ltr'><strong>oper</strong></span> <span class='ocrx_word' id='word_1_134' title='bbox 1078 1480 1159 1547; x_wconf 84' lang='lat' dir='ltr'><strong>altro</strong></span> <span class='ocrx_word' id='word_1_135' title='bbox 1181 1480 1215 1546; x_wconf 84' lang='lat' dir='ltr'><strong>tc</strong></span> <span class='ocrx_word' id='word_1_136' title='bbox 1236 1482 1335 1547; x_wconf 81' lang='lat' dir='ltr'><strong>duona</strong></span> <span class='ocrx_word' id='word_1_137' title='bbox 1358 1478 1501 1566; x_wconf 74' lang='lat' dir='ltr'><strong>repolire</strong></span> 
     </span>
     <span class='ocr_line' id='line_1_14' title="bbox 141 1588 424 1675; baseline -0.021 -18"><span class='ocrx_word' id='word_1_138' title='bbox 141 1610 219 1657; x_wconf 82' lang='lat' dir='ltr'><strong>carre</strong></span> <span class='ocrx_word' id='word_1_139' title='bbox 240 1591 278 1654; x_wconf 77' lang='lat' dir='ltr'><strong>dt</strong></span> <span class='ocrx_word' id='word_1_140' title='bbox 295 1610 363 1655; x_wconf 84' lang='lat' dir='ltr'><strong>erre</strong></span> <span class='ocrx_word' id='word_1_141' title='bbox 382 1588 424 1675; x_wconf 84' lang='lat'><strong>¹).</strong></span> 
     </span>
    </p>

    <p class='ocr_par' dir='ltr' id='par_1_3' title="bbox 137 1709 1502 2441">
     <span class='ocr_line' id='line_1_15' title="bbox 269 1709 1501 1799; baseline -0.003 -21"><span class='ocrx_word' id='word_1_142' title='bbox 269 1714 352 1778; x_wconf 88' lang='lat' dir='ltr'><strong>Haec</strong></span> <span class='ocrx_word' id='word_1_143' title='bbox 375 1716 472 1778; x_wconf 88' lang='lat' dir='ltr'><strong>omnia</strong></span> <span class='ocrx_word' id='word_1_144' title='bbox 494 1721 591 1777; x_wconf 88' lang='lat' dir='ltr'><strong>autem</strong></span> <span class='ocrx_word' id='word_1_145' title='bbox 613 1713 734 1797; x_wconf 87' lang='lat' dir='ltr'><strong>planum</strong></span> <span class='ocrx_word' id='word_1_146' title='bbox 755 1734 827 1778; x_wconf 90' lang='lat' dir='ltr'><strong>sane</strong></span> <span class='ocrx_word' id='word_1_147' title='bbox 849 1715 978 1793; x_wconf 83' lang='lat' dir='ltr'><strong>iaciunt,</strong></span> <span class='ocrx_word' id='word_1_148' title='bbox 1009 1732 1101 1799; x_wconf 86' lang='lat' dir='ltr'><strong>neque</strong></span> <span class='ocrx_word' id='word_1_149' title='bbox 1128 1712 1165 1777; x_wconf 89' lang='lat' dir='ltr'><strong>da</strong></span> <span class='ocrx_word' id='word_1_150' title='bbox 1197 1709 1330 1799; x_wconf 82' lang='lat' dir='ltr'><strong>periculo</strong></span> <span class='ocrx_word' id='word_1_151' title='bbox 1346 1713 1501 1775; x_wconf 89' lang='lat' dir='ltr'><strong>somnicu-</strong></span> 
     </span>
     <span class='ocr_line' id='line_1_16' title="bbox 140 1818 1501 1904; baseline -0.004 -17"><span class='ocrx_word' id='word_1_152' title='bbox 140 1824 224 1887; x_wconf 89' lang='lat' dir='ltr'><strong>losae</strong></span> <span class='ocrx_word' id='word_1_153' title='bbox 246 1820 419 1885; x_wconf 85' lang='lat' dir='ltr'><strong>Praesulum</strong></span> <span class='ocrx_word' id='word_1_154' title='bbox 442 1822 574 1884; x_wconf 86' lang='lat' dir='ltr'><strong>incuriae</strong></span> <span class='ocrx_word' id='word_1_155' title='bbox 595 1840 662 1885; x_wconf 86' lang='lat' dir='ltr'><strong>esse</strong></span> <span class='ocrx_word' id='word_1_156' title='bbox 684 1822 861 1899; x_wconf 90' lang='lat' dir='ltr'><strong>timendum,</strong></span> <span class='ocrx_word' id='word_1_157' title='bbox 884 1841 976 1904; x_wconf 86' lang='lat' dir='ltr'><strong>neque</strong></span> <span class='ocrx_word' id='word_1_158' title='bbox 998 1822 1038 1883; x_wconf 80' lang='lat' dir='ltr'><strong>in</strong></span> <span class='ocrx_word' id='word_1_159' title='bbox 1051 1821 1250 1902; x_wconf 80' lang='lat' dir='ltr'><strong>suspicionem</strong></span> <span class='ocrx_word' id='word_1_160' title='bbox 1273 1818 1501 1901; x_wconf 74' lang='lat' dir='ltr'><strong>depravatorum</strong></span> 
     </span>
     <span class='ocr_line' id='line_1_17' title="bbox 137 1922 1501 2013; baseline -0.004 -18"><span class='ocrx_word' id='word_1_161' title='bbox 137 1935 247 1995; x_wconf 87' lang='lat' dir='ltr'><strong>rituum</strong></span> <span class='ocrx_word' id='word_1_162' title='bbox 264 1948 328 1991; x_wconf 89' lang='lat' dir='ltr'><strong>esse</strong></span> <span class='ocrx_word' id='word_1_163' title='bbox 342 1928 506 1992; x_wconf 80' lang='lat' dir='ltr'><strong>vocandum</strong></span> <span class='ocrx_word' id='word_1_164' title='bbox 523 1926 613 1991; x_wconf 80' lang='lat' dir='ltr'>Urbis</span> <span class='ocrx_word' id='word_1_165' title='bbox 637 1925 765 2006; x_wconf 84' lang='lat' dir='ltr'><strong>clerum,</strong></span> <span class='ocrx_word' id='word_1_166' title='bbox 789 1948 900 2011; x_wconf 88' lang='lat' dir='ltr'><strong>neque,</strong></span> <span class='ocrx_word' id='word_1_167' title='bbox 924 1928 1004 2011; x_wconf 88' lang='lat' dir='ltr'><strong>quod</strong></span> <span class='ocrx_word' id='word_1_168' title='bbox 1023 1942 1204 2010; x_wconf 81' lang='lat' dir='ltr'><strong>consequens</strong></span> <span class='ocrx_word' id='word_1_169' title='bbox 1221 1933 1282 2005; x_wconf 83' lang='lat' dir='ltr'><strong>est,</strong></span> <span class='ocrx_word' id='word_1_170' title='bbox 1305 1925 1343 1988; x_wconf 91' lang='lat' dir='ltr'><strong>de</strong></span> <span class='ocrx_word' id='word_1_171' title='bbox 1357 1922 1501 2013; x_wconf 80' lang='lat' dir='ltr'><strong>Romanis</strong></span> 
     </span>
     <span class='ocr_line' id='line_1_18' title="bbox 139 2029 1500 2118; baseline -0.007 -15"><span class='ocrx_word' id='word_1_172' title='bbox 139 2036 404 2103; x_wconf 86' lang='lat' dir='ltr'><strong>consuetudinibus</strong></span> <span class='ocrx_word' id='word_1_173' title='bbox 420 2035 629 2117; x_wconf 84' lang='lat' dir='ltr'><strong>ambigendum</strong></span> <span class='ocrx_word' id='word_1_174' title='bbox 648 2035 914 2118; x_wconf 86' lang='lat' dir='ltr'><strong>dubitandumque,</strong></span> <span class='ocrx_word' id='word_1_175' title='bbox 936 2045 1035 2099; x_wconf 90' lang='lat' dir='ltr'><strong>utrum</strong></span> <span class='ocrx_word' id='word_1_176' title='bbox 1049 2054 1151 2098; x_wconf 84' lang='lat' dir='ltr'><strong>rerum</strong></span> <span class='ocrx_word' id='word_1_177' title='bbox 1169 2035 1385 2115; x_wconf 77' lang='lat' dir='ltr'><strong>genuinamque</strong></span> <span class='ocrx_word' id='word_1_178' title='bbox 1401 2029 1500 2115; x_wconf 83' lang='lat' dir='ltr'><strong>legum</strong></span> 
     </span>
     <span class='ocr_line' id='line_1_19' title="bbox 139 2139 1500 2225; baseline -0.005 -17"><span class='ocrx_word' id='word_1_179' title='bbox 139 2164 259 2208; x_wconf 88' lang='lat' dir='ltr'><strong>sensum</strong></span> <span class='ocrx_word' id='word_1_180' title='bbox 284 2140 499 2205; x_wconf 81' lang='lat' dir='ltr'><strong>exhibeantur</strong></span> <span class='ocrx_word' id='word_1_181' title='bbox 522 2140 626 2204; x_wconf 84' lang='lat' dir='ltr'><strong>devios</strong></span> <span class='ocrx_word' id='word_1_182' title='bbox 650 2141 815 2224; x_wconf 81' lang='lat' dir='ltr'><strong>cisalpinos</strong></span> <span class='ocrx_word' id='word_1_183' title='bbox 839 2160 909 2206; x_wconf 81' lang='lat' dir='ltr'><strong>rmus</strong></span> <span class='ocrx_word' id='word_1_184' title='bbox 928 2139 1017 2225; x_wconf 83' lang='lat' dir='ltr'><strong>longe</strong></span> <span class='ocrx_word' id='word_1_185' title='bbox 1038 2140 1152 2225; x_wconf 81' lang='lat' dir='ltr'><strong>potiori</strong></span> <span class='ocrx_word' id='word_1_186' title='bbox 1173 2140 1349 2203; x_wconf 82' lang='lat' dir='ltr'><strong>auctoritate</strong></span> <span class='ocrx_word' id='word_1_187' title='bbox 1371 2140 1500 2203; x_wconf 76' lang='lat' dir='ltr'><strong>vincant.</strong></span> 
     </span>
     <span class='ocr_line' id='line_1_20' title="bbox 139 2242 1502 2337; baseline -0.005 -20"><span class='ocrx_word' id='word_1_188' title='bbox 139 2254 292 2317; x_wconf 78' lang='lat' dir='ltr'>Habemus</span> <span class='ocrx_word' id='word_1_189' title='bbox 320 2251 412 2333; x_wconf 81' lang='lat' dir='ltr'><strong>igitur</strong></span> <span class='ocrx_word' id='word_1_190' title='bbox 443 2260 474 2317; x_wconf 88' lang='lat' dir='ltr'><strong>iu</strong></span> <span class='ocrx_word' id='word_1_191' title='bbox 503 2255 592 2337; x_wconf 81' lang='lat' dir='ltr'><strong>praxi</strong></span> <span class='ocrx_word' id='word_1_192' title='bbox 621 2251 652 2313; x_wconf 82' lang='lat' dir='ltr'><strong>S.</strong></span> <span class='ocrx_word' id='word_1_193' title='bbox 681 2250 718 2313; x_wconf 83' lang='lat' dir='ltr'><strong>R.</strong></span> <span class='ocrx_word' id='word_1_194' title='bbox 749 2248 897 2314; x_wconf 79' lang='lat' dir='ltr'><strong>Ecclesiae</strong></span> <span class='ocrx_word' id='word_1_195' title='bbox 927 2249 1134 2313; x_wconf 73' lang='lat' dir='ltr'><strong>authenticam</strong></span> <span class='ocrx_word' id='word_1_196' title='bbox 1155 2243 1233 2330; x_wconf 73' lang='lat' dir='ltr'><strong>lepis</strong></span> <span class='ocrx_word' id='word_1_197' title='bbox 1255 2242 1502 2325; x_wconf 63' lang='lat' dir='ltr'><strong>applicantium</strong></span> 
     </span>
     <span class='ocr_line' id='line_1_21' title="bbox 139 2361 765 2441; baseline 0.002 -18"><span class='ocrx_word' id='word_1_198' title='bbox 139 2369 228 2441; x_wconf 86' lang='lat' dir='ltr'><strong>prout</strong></span> <span class='ocrx_word' id='word_1_199' title='bbox 249 2361 376 2441; x_wconf 75' lang='lat' dir='ltr'><strong>praesnti</strong></span> <span class='ocrx_word' id='word_1_200' title='bbox 398 2363 429 2424; x_wconf 93' lang='lat' dir='ltr'><strong>iu</strong></span> <span class='ocrx_word' id='word_1_201' title='bbox 453 2361 634 2426; x_wconf 71' lang='lat' dir='ltr'>theoremate</span> <span class='ocrx_word' id='word_1_202' title='bbox 656 2378 765 2424; x_wconf 87' lang='lat' dir='ltr'><strong>sumus.</strong></span> 
     </span>
    </p>
   </div>
   <div class='ocr_carea' id='block_1_3' title="bbox 276 2477 1371 2566">
    <p class='ocr_par' dir='ltr' id='par_1_4' title="bbox 276 2477 1371 2566">
     <span class='ocr_line' id='line_1_22' title="bbox 276 2477 1371 2566; baseline -0.007 -17"><span class='ocrx_word' id='word_1_203' title='bbox 276 2491 327 2550; x_wconf 81' lang='lat' dir='ltr'><strong>re.</strong></span> <span class='ocrx_word' id='word_1_204' title='bbox 352 2479 436 2566; x_wconf 78' lang='lat' dir='ltr'><strong>Quae</strong></span> <span class='ocrx_word' id='word_1_205' title='bbox 459 2488 629 2551; x_wconf 78' lang='lat' dir='ltr'><strong>consecutio</strong></span> <span class='ocrx_word' id='word_1_206' title='bbox 652 2504 707 2548; x_wconf 88' lang='lat' dir='ltr'><strong>nos</strong></span> <span class='ocrx_word' id='word_1_207' title='bbox 731 2483 818 2546; x_wconf 88' lang='lat' dir='ltr'><strong>etiam</strong></span> <span class='ocrx_word' id='word_1_208' title='bbox 841 2480 978 2560; x_wconf 75' lang='lat' dir='ltr'><strong>adducit,</strong></span> <span class='ocrx_word' id='word_1_209' title='bbox 1008 2487 1039 2543; x_wconf 90' lang='lat' dir='ltr'><strong>ut</strong></span> <span class='ocrx_word' id='word_1_210' title='bbox 1062 2498 1116 2561; x_wconf 91' lang='lat' dir='ltr'><strong>pro</strong></span> <span class='ocrx_word' id='word_1_211' title='bbox 1139 2482 1230 2559; x_wconf 82' lang='lat' dir='ltr'><strong>praxi</strong></span> <span class='ocrx_word' id='word_1_212' title='bbox 1252 2477 1371 2545; x_wconf 83' lang='lat' dir='ltr'><strong>taudem</strong></span> 
     </span>
    </p>
   </div>
   <div class='ocr_carea' id='block_1_4' title="bbox 707 2674 932 2745">
    <p class='ocr_par' dir='ltr' id='par_1_5' title="bbox 707 2674 932 2745">
     <span class='ocr_line' id='line_1_23' title="bbox 707 2674 932 2745; baseline -0.031 0"><span class='ocrx_word' id='word_1_213' title='bbox 707 2674 932 2745; x_wconf 77' lang='lat' dir='ltr'><strong>corollarii</strong></span> 
     </span>
    </p>
   </div>
   <div class='ocr_carea' id='block_1_5' title="bbox 140 2811 1507 3657">
    <p class='ocr_par' dir='ltr' id='par_1_6' title="bbox 140 2811 1507 3657">
     <span class='ocr_line' id='line_1_24' title="bbox 143 2811 1501 2906; baseline -0.007 -21"><span class='ocrx_word' id='word_1_214' title='bbox 143 2830 236 2887; x_wconf 84' lang='lat' dir='ltr'><strong>instar</strong></span> <span class='ocrx_word' id='word_1_215' title='bbox 260 2825 433 2906; x_wconf 84' lang='lat' dir='ltr'><strong>colligamus</strong></span> <span class='ocrx_word' id='word_1_216' title='bbox 455 2843 493 2888; x_wconf 82' lang='lat' dir='ltr'><strong>ex</strong></span> <span class='ocrx_word' id='word_1_217' title='bbox 517 2822 625 2901; x_wconf 88' lang='lat' dir='ltr'><strong>dietis,</strong></span> <span class='ocrx_word' id='word_1_218' title='bbox 648 2825 682 2886; x_wconf 81' lang='lat' dir='ltr'><strong>iu</strong></span> <span class='ocrx_word' id='word_1_219' title='bbox 704 2819 853 2887; x_wconf 74' lang='lat' dir='ltr'><strong>Romanae</strong></span> <span class='ocrx_word' id='word_1_220' title='bbox 875 2818 1146 2885; x_wconf 81' lang='lat' dir='ltr'><strong>conructedr&#39;m‘daa</strong></span> <span class='ocrx_word' id='word_1_221' title='bbox 1164 2816 1390 2897; x_wconf 79' lang='lat' dir='ltr'><strong>praelucentem</strong></span> <span class='ocrx_word' id='word_1_222' title='bbox 1404 2811 1501 2878; x_wconf 86' lang='lat' dir='ltr'><strong>veluti</strong></span> 
     </span>
     <span class='ocr_line' id='line_1_25' title="bbox 140 2910 1504 3011; baseline -0.01 -16"><span class='ocrx_word' id='word_1_223' title='bbox 140 2932 250 3011; x_wconf 84' lang='lat' dir='ltr'><strong>fecem</strong></span> <span class='ocrx_word' id='word_1_224' title='bbox 278 2930 384 2993; x_wconf 84' lang='lat' dir='ltr'><strong>detero</strong></span> <span class='ocrx_word' id='word_1_225' title='bbox 411 2946 480 2992; x_wconf 84' lang='lat' dir='ltr'><strong>ease</strong></span> <span class='ocrx_word' id='word_1_226' title='bbox 512 2928 703 2994; x_wconf 79' lang='lat' dir='ltr'><strong>ruin&#39;cururn</strong></span> <span class='ocrx_word' id='word_1_227' title='bbox 728 2910 973 2991; x_wconf 71' lang='lat' dir='ltr'><strong>‘enarraturum</strong></span> <span class='ocrx_word' id='word_1_228' title='bbox 1010 2925 1052 2988; x_wconf 85' lang='lat' dir='ltr'><strong>cd</strong></span> <span class='ocrx_word' id='word_1_229' title='bbox 1090 2920 1235 2989; x_wconf 81' lang='lat' dir='ltr'><strong>soluenda</strong></span> <span class='ocrx_word' id='word_1_230' title='bbox 1259 2919 1354 3003; x_wconf 77' lang='lat' dir='ltr'><strong>plere</strong></span> <span class='ocrx_word' id='word_1_231' title='bbox 1385 2920 1504 2984; x_wconf 72' lang='lat' dir='ltr'><strong>ommno</strong></span> 
     </span>
     <span class='ocr_line' id='line_1_26' title="bbox 144 3025 1504 3121; baseline -0.007 -21"><span class='ocrx_word' id='word_1_232' title='bbox 144 3036 239 3101; x_wconf 81' lang='lat' dir='ltr'><strong>dubio</strong></span> <span class='ocrx_word' id='word_1_233' title='bbox 263 3038 351 3103; x_wconf 81' lang='lat' dir='ltr'><strong>circe</strong></span> <span class='ocrx_word' id='word_1_234' title='bbox 373 3055 732 3121; x_wconf 65' lang='lat' dir='ltr'><strong>rerumquererumque</strong></span> <span class='ocrx_word' id='word_1_235' title='bbox 754 3033 948 3099; x_wconf 77' lang='lat' dir='ltr'><strong>rubricarum</strong></span> <span class='ocrx_word' id='word_1_236' title='bbox 968 3033 1261 3117; x_wconf 70' lang='lat' dir='ltr'><strong>interpretationem.</strong></span> <span class='ocrx_word' id='word_1_237' title='bbox 1301 3025 1400 3108; x_wconf 80' lang='lat' dir='ltr'><strong>Quum</strong></span> <span class='ocrx_word' id='word_1_238' title='bbox 1423 3028 1504 3091; x_wconf 89' lang='lat' dir='ltr'><strong>euim</strong></span> 
     </span>
     <span class='ocr_line' id='line_1_27' title="bbox 142 3126 1507 3229; baseline -0.007 -23"><span class='ocrx_word' id='word_1_239' title='bbox 142 3142 179 3206; x_wconf 88' lang='lat' dir='ltr'><strong>de</strong></span> <span class='ocrx_word' id='word_1_240' title='bbox 202 3139 407 3227; x_wconf 76' lang='lat' dir='ltr'><strong>applicatione</strong></span> <span class='ocrx_word' id='word_1_241' title='bbox 429 3139 588 3207; x_wconf 90' lang='lat' dir='ltr'><strong>multorum</strong></span> <span class='ocrx_word' id='word_1_242' title='bbox 611 3143 739 3225; x_wconf 87' lang='lat' dir='ltr'><strong>capitum</strong></span> <span class='ocrx_word' id='word_1_243' title='bbox 758 3141 823 3229; x_wconf 87' lang='lat' dir='ltr'><strong>jam</strong></span> <span class='ocrx_word' id='word_1_244' title='bbox 846 3143 883 3203; x_wconf 90' lang='lat' dir='ltr'><strong>ab</strong></span> <span class='ocrx_word' id='word_1_245' title='bbox 906 3126 1113 3224; x_wconf 83' lang='lat' dir='ltr'><strong>antiquissimo</strong></span> <span class='ocrx_word' id='word_1_246' title='bbox 1137 3137 1360 3225; x_wconf 78' lang='lat' dir='ltr'><strong>temporebinc</strong></span> <span class='ocrx_word' id='word_1_247' title='bbox 1379 3134 1449 3221; x_wconf 77' lang='lat' dir='ltr'><strong>inde</strong></span> <span class='ocrx_word' id='word_1_248' title='bbox 1465 3133 1507 3215; x_wconf 83' lang='lat' dir='ltr'><strong>sit</strong></span> 
     </span>
     <span class='ocr_line' id='line_1_28' title="bbox 145 3245 1506 3332; baseline -0.004 -22"><span class='ocrx_word' id='word_1_249' title='bbox 145 3254 222 3312; x_wconf 85' lang='lat' dir='ltr'><strong>inter</strong></span> <span class='ocrx_word' id='word_1_250' title='bbox 237 3257 374 3311; x_wconf 75' lang='lat' dir='ltr'><strong>erictores</strong></span> <span class='ocrx_word' id='word_1_251' title='bbox 388 3249 601 3330; x_wconf 84' lang='lat' dir='ltr'><strong>disceptatum,</strong></span> <span class='ocrx_word' id='word_1_252' title='bbox 617 3269 761 3332; x_wconf 82' lang='lat' dir='ltr'><strong>quumque</strong></span> <span class='ocrx_word' id='word_1_253' title='bbox 777 3249 852 3311; x_wconf 89' lang='lat' dir='ltr'><strong>ritus</strong></span> <span class='ocrx_word' id='word_1_254' title='bbox 867 3248 994 3313; x_wconf 62' lang='lat' dir='ltr'><strong>Musoni</strong></span> <span class='ocrx_word' id='word_1_255' title='bbox 1014 3247 1148 3311; x_wconf 81' lang='lat' dir='ltr'><strong>coeteris</strong></span> <span class='ocrx_word' id='word_1_256' title='bbox 1163 3245 1292 3326; x_wconf 71' lang='lat' dir='ltr'><strong>partica</strong></span> <span class='ocrx_word' id='word_1_257' title='bbox 1306 3261 1506 3327; x_wconf 81' lang='lat' dir='ltr'><strong>quamcunque</strong></span> 
     </span>
     <span class='ocr_line' id='line_1_29' title="bbox 142 3350 1506 3436; baseline -0.005 -18"><span class='ocrx_word' id='word_1_258' title='bbox 142 3355 230 3418; x_wconf 87' lang='lat' dir='ltr'><strong>aliam</strong></span> <span class='ocrx_word' id='word_1_259' title='bbox 260 3360 406 3436; x_wconf 79' lang='lat' dir='ltr'><strong>privatam</strong></span> <span class='ocrx_word' id='word_1_260' title='bbox 436 3361 557 3418; x_wconf 85' lang='lat' dir='ltr'><strong>vincent</strong></span> <span class='ocrx_word' id='word_1_261' title='bbox 591 3356 812 3430; x_wconf 86' lang='lat' dir='ltr'><strong>auctoritatem,</strong></span> <span class='ocrx_word' id='word_1_262' title='bbox 846 3361 954 3435; x_wconf 89' lang='lat' dir='ltr'><strong>sponte</strong></span> <span class='ocrx_word' id='word_1_263' title='bbox 983 3352 1075 3417; x_wconf 83' lang='lat' dir='ltr'><strong>veluti</strong></span> <span class='ocrx_word' id='word_1_264' title='bbox 1103 3371 1157 3415; x_wconf 90' lang='lat' dir='ltr'><strong>sua</strong></span> <span class='ocrx_word' id='word_1_265' title='bbox 1186 3350 1265 3429; x_wconf 85' lang='lat' dir='ltr'><strong>uuit,</strong></span> <span class='ocrx_word' id='word_1_266' title='bbox 1295 3350 1327 3415; x_wconf 90' lang='lat' dir='ltr'><strong>iu</strong></span> <span class='ocrx_word' id='word_1_267' title='bbox 1356 3350 1405 3413; x_wconf 88' lang='lat' dir='ltr'><strong>bis</strong></span> <span class='ocrx_word' id='word_1_268' title='bbox 1428 3350 1506 3431; x_wconf 86' lang='lat' dir='ltr'><strong>ipsis</strong></span> 
     </span>
     <span class='ocr_line' id='line_1_30' title="bbox 143 3456 1503 3540; baseline -0.003 -17"><span class='ocrx_word' id='word_1_269' title='bbox 143 3461 403 3525; x_wconf 86' lang='lat' dir='ltr'><strong>consuetudinibus</strong></span> <span class='ocrx_word' id='word_1_270' title='bbox 428 3461 514 3523; x_wconf 89' lang='lat' dir='ltr'><strong>Urbis</strong></span> <span class='ocrx_word' id='word_1_271' title='bbox 536 3461 709 3524; x_wconf 80' lang='lat' dir='ltr'><strong>facillimam</strong></span> <span class='ocrx_word' id='word_1_272' title='bbox 730 3458 819 3523; x_wconf 90' lang='lat' dir='ltr'><strong>simul</strong></span> <span class='ocrx_word' id='word_1_273' title='bbox 842 3470 870 3521; x_wconf 90' lang='lat' dir='ltr'><strong>et</strong></span> <span class='ocrx_word' id='word_1_274' title='bbox 894 3461 1074 3522; x_wconf 84' lang='lat' dir='ltr'><strong>tutissimam</strong></span> <span class='ocrx_word' id='word_1_275' title='bbox 1090 3468 1190 3540; x_wconf 89' lang='lat' dir='ltr'><strong>patere</strong></span> <span class='ocrx_word' id='word_1_276' title='bbox 1206 3463 1283 3521; x_wconf 84' lang='lat' dir='ltr'><strong>uiam</strong></span> <span class='ocrx_word' id='word_1_277' title='bbox 1299 3456 1338 3519; x_wconf 85' lang='lat' dir='ltr'><strong>ad</strong></span> <span class='ocrx_word' id='word_1_278' title='bbox 1352 3456 1503 3535; x_wconf 67' lang='lat' dir='ltr'><strong>dirimeu7</strong></span> 
     </span>
     <span class='ocr_line' id='line_1_31' title="bbox 141 3559 1504 3657; baseline -0.004 -27"><span class='ocrx_word' id='word_1_279' title='bbox 141 3568 208 3631; x_wconf 88' lang='lat' dir='ltr'><strong>dam</strong></span> <span class='ocrx_word' id='word_1_280' title='bbox 232 3562 484 3657; x_wconf 60' lang='lat' dir='ltr'><strong>tremiscebam</strong></span> <span class='ocrx_word' id='word_1_281' title='bbox 506 3570 581 3630; x_wconf 77' lang='lat' dir='ltr'><strong>esur·</strong></span> <span class='ocrx_word' id='word_1_282' title='bbox 601 3569 645 3630; x_wconf 87' lang='lat' dir='ltr'><strong>er&#39;t</strong></span> <span class='ocrx_word' id='word_1_283' title='bbox 667 3586 763 3649; x_wconf 82' lang='lat' dir='ltr'><strong>oeque</strong></span> <span class='ocrx_word' id='word_1_284' title='bbox 778 3567 853 3646; x_wconf 87' lang='lat' dir='ltr'><strong>jure</strong></span> <span class='ocrx_word' id='word_1_285' title='bbox 875 3565 1042 3649; x_wconf 74' lang='lat' dir='ltr'><strong>standum?</strong></span> <span class='ocrx_word' id='word_1_286' title='bbox 1064 3566 1138 3630; x_wconf 80' lang='lat' dir='ltr'><strong>item</strong></span> <span class='ocrx_word' id='word_1_287' title='bbox 1161 3564 1317 3641; x_wconf 79' lang='lat' dir='ltr'><strong>illustrabo</strong></span> <span class='ocrx_word' id='word_1_288' title='bbox 1341 3559 1504 3647; x_wconf 81' lang='lat' dir='ltr'><strong>exemplis.</strong></span> 
     </span>
    </p>
   </div>
   <div class='ocr_carea' id='block_1_6' title="bbox 141 3702 1508 4661">
    <p class='ocr_par' dir='ltr' id='par_1_7' title="bbox 141 3702 1508 4661">
     <span class='ocr_line' id='line_1_32' title="bbox 276 3702 1506 3784; baseline -0.002 -13"><span class='ocrx_word' id='word_1_289' title='bbox 276 3709 455 3773; x_wconf 74' lang='lat' dir='ltr'><strong>Praescribit</strong></span> <span class='ocrx_word' id='word_1_290' title='bbox 493 3709 614 3773; x_wconf 79' lang='lat' dir='ltr'><strong>rubrica</strong></span> <span class='ocrx_word' id='word_1_291' title='bbox 645 3704 790 3774; x_wconf 74' lang='lat' dir='ltr'><strong>Hieratis</strong></span> <span class='ocrx_word' id='word_1_292' title='bbox 820 3704 908 3771; x_wconf 86' lang='lat' dir='ltr'><strong>titulo</strong></span> <span class='ocrx_word' id='word_1_293' title='bbox 935 3708 989 3784; x_wconf 83' lang='lat' dir='ltr'><strong>x.‚</strong></span> <span class='ocrx_word' id='word_1_294' title='bbox 1018 3728 1048 3773; x_wconf 89' lang='lat' dir='ltr'><strong>n.</strong></span> <span class='ocrx_word' id='word_1_295' title='bbox 1081 3705 1141 3784; x_wconf 69' lang='grc'><strong>23,</strong></span> <span class='ocrx_word' id='word_1_296' title='bbox 1172 3716 1205 3768; x_wconf 89' lang='lat' dir='ltr'><strong>ut</strong></span> <span class='ocrx_word' id='word_1_297' title='bbox 1232 3702 1396 3770; x_wconf 82' lang='lat' dir='ltr'><strong>Oelebraua</strong></span> <span class='ocrx_word' id='word_1_298' title='bbox 1425 3702 1506 3769; x_wconf 85' lang='lat' dir='ltr'><strong>dicto</strong></span> 
     </span>
     <span class='ocr_line' id='line_1_33' title="bbox 143 3811 1508 3899; baseline -0.005 -18"><span class='ocrx_word' id='word_1_299' title='bbox 143 3815 284 3893; x_wconf 79' lang='lat' dir='ltr'><strong>„Lt&#39;dem</strong></span> <span class='ocrx_word' id='word_1_300' title='bbox 319 3834 376 3880; x_wconf 80' lang='lat' dir='ltr'><strong>noe</strong></span> <span class='ocrx_word' id='word_1_301' title='bbox 405 3820 609 3899; x_wconf 52' lang='lat' dir='ltr'><strong>peramarum</strong></span> <span class='ocrx_word' id='word_1_302' title='bbox 637 3832 825 3897; x_wconf 78' lang='lat' dir='ltr'><strong>prosequens</strong></span> <span class='ocrx_word' id='word_1_303' title='bbox 853 3819 889 3878; x_wconf 80' lang='lat' dir='ltr'><strong>ot</strong></span> <span class='ocrx_word' id='word_1_304' title='bbox 921 3832 976 3893; x_wconf 82' lang='lat' dir='ltr'><strong>ope</strong></span> <span class='ocrx_word' id='word_1_305' title='bbox 1010 3812 1240 3878; x_wconf 62' lang='lat' dir='ltr'><strong>misereretur</strong></span> <span class='ocrx_word' id='word_1_306' title='bbox 1277 3817 1349 3877; x_wconf 85' lang='lat' dir='ltr'><strong>tuac</strong></span> <span class='ocrx_word' id='word_1_307' title='bbox 1381 3811 1508 3892; x_wconf 54' lang='lat' dir='ltr'><strong>abacti*</strong></span> 
     </span>
     <span class='ocr_line' id='line_1_34' title="bbox 141 3920 1508 4004; baseline -0.004 -17"><span class='ocrx_word' id='word_1_308' title='bbox 141 3924 360 3987; x_wconf 76' lang='lat' dir='ltr'><strong>submittet</strong></span> <span class='ocrx_word' id='word_1_309' title='bbox 382 3923 574 3989; x_wconf 76' lang='lat' dir='ltr'><strong>Peterem</strong></span> <span class='ocrx_word' id='word_1_310' title='bbox 593 3922 784 3998; x_wconf 70' lang='lat' dir='ltr'><strong>Hostiae,</strong></span> <span class='ocrx_word' id='word_1_311' title='bbox 815 3940 905 4004; x_wconf 81' lang='lat' dir='ltr'><strong>quent</strong></span> <span class='ocrx_word' id='word_1_312' title='bbox 932 3921 1036 3986; x_wconf 76' lang='lat' dir='ltr'><strong>indice</strong></span> <span class='ocrx_word' id='word_1_313' title='bbox 1065 3923 1194 3984; x_wconf 73' lang='lat' dir='ltr'><strong>aturbtre</strong></span> <span class='ocrx_word' id='word_1_314' title='bbox 1217 3920 1391 3985; x_wconf 75' lang='lat' dir='ltr'><strong>commodet</strong></span> <span class='ocrx_word' id='word_1_315' title='bbox 1412 3934 1508 4001; x_wconf 74' lang='lat' dir='ltr'><strong>cuper</strong></span> 
     </span>
     <span class='ocr_line' id='line_1_35' title="bbox 143 4027 1508 4113; baseline -0.001 -19"><span class='ocrx_word' id='word_1_316' title='bbox 143 4033 328 4095; x_wconf 62' lang='lat' dir='ltr'><strong>Permesse</strong></span> <span class='ocrx_word' id='word_1_317' title='bbox 373 4028 419 4093; x_wconf 78' lang='lat' dir='ltr'><strong>Eo</strong></span> <span class='ocrx_word' id='word_1_318' title='bbox 457 4030 512 4093; x_wconf 87' lang='lat' dir='ltr'><strong>tibi</strong></span> <span class='ocrx_word' id='word_1_319' title='bbox 550 4031 642 4093; x_wconf 75' lang='lat' dir='ltr'><strong>tetiam</strong></span> <span class='ocrx_word' id='word_1_320' title='bbox 677 4031 756 4113; x_wconf 73' lang='lat' dir='ltr'><strong>legis</strong></span> <span class='ocrx_word' id='word_1_321' title='bbox 793 4038 1001 4111; x_wconf 79' lang='lat' dir='ltr'><strong>precaeptum:</strong></span> <span class='ocrx_word' id='word_1_322' title='bbox 1038 4027 1275 4106; x_wconf 68' lang='lat' dir='ltr'><strong>„susurrum</strong></span> <span class='ocrx_word' id='word_1_323' title='bbox 1312 4027 1508 4093; x_wconf 74' lang='grc' dir='ltr'><strong>ΡΑΤΕΝΑΜ</strong></span> 
     </span>
     <span class='ocr_line' id='line_1_36' title="bbox 143 4127 1508 4219; baseline -0.006 -16"><span class='ocrx_word' id='word_1_324' title='bbox 143 4137 358 4213; x_wconf 71' lang='grc' dir='ltr'>ΗΟὸΤΙΑΕ“;</span> <span class='ocrx_word' id='word_1_325' title='bbox 380 4136 435 4199; x_wconf 78' lang='lat' dir='ltr'><strong>aed</strong></span> <span class='ocrx_word' id='word_1_326' title='bbox 458 4127 584 4219; x_wconf 79' lang='lat' dir='ltr'><strong>quonam</strong></span> <span class='ocrx_word' id='word_1_327' title='bbox 609 4137 696 4202; x_wconf 87' lang='lat' dir='ltr'><strong>modo</strong></span> <span class='ocrx_word' id='word_1_328' title='bbox 719 4137 752 4200; x_wconf 86' lang='lat' dir='ltr'><strong>id</strong></span> <span class='ocrx_word' id='word_1_329' title='bbox 774 4139 841 4214; x_wconf 77' lang='lat' dir='ltr'><strong>tint,</strong></span> <span class='ocrx_word' id='word_1_330' title='bbox 864 4137 963 4201; x_wconf 82' lang='lat' dir='ltr'><strong>littera</strong></span> <span class='ocrx_word' id='word_1_331' title='bbox 985 4156 1045 4199; x_wconf 89' lang='lat' dir='ltr'><strong>uon</strong></span> <span class='ocrx_word' id='word_1_332' title='bbox 1065 4138 1180 4212; x_wconf 82' lang='lat' dir='ltr'><strong>innuit3</strong></span> <span class='ocrx_word' id='word_1_333' title='bbox 1203 4134 1272 4198; x_wconf 87' lang='lat' dir='ltr'><strong>binc</strong></span> <span class='ocrx_word' id='word_1_334' title='bbox 1294 4144 1342 4198; x_wconf 88' lang='lat' dir='ltr'><strong>est</strong></span> <span class='ocrx_word' id='word_1_335' title='bbox 1365 4152 1419 4196; x_wconf 85' lang='lat' dir='ltr'><strong>our</strong></span> <span class='ocrx_word' id='word_1_336' title='bbox 1439 4152 1508 4199; x_wconf 83' lang='lat' dir='ltr'><strong>ma-</strong></span> 
     </span>
     <span class='ocr_line' id='line_1_37' title="bbox 145 4244 1508 4327; baseline -0.004 -17"><span class='ocrx_word' id='word_1_337' title='bbox 145 4248 229 4310; x_wconf 78' lang='lat' dir='ltr'><strong>xima</strong></span> <span class='ocrx_word' id='word_1_338' title='bbox 261 4245 303 4307; x_wconf 87' lang='lat' dir='ltr'><strong>sit</strong></span> <span class='ocrx_word' id='word_1_339' title='bbox 329 4245 409 4309; x_wconf 86' lang='lat' dir='ltr'><strong>inter</strong></span> <span class='ocrx_word' id='word_1_340' title='bbox 438 4253 577 4311; x_wconf 83' lang='lat' dir='ltr'><strong>auctores</strong></span> <span class='ocrx_word' id='word_1_341' title='bbox 607 4255 711 4309; x_wconf 77' lang='lat' dir='ltr'><strong>exorta</strong></span> <span class='ocrx_word' id='word_1_342' title='bbox 741 4245 899 4308; x_wconf 84' lang='lat' dir='ltr'><strong>dissensio.</strong></span> <span class='ocrx_word' id='word_1_343' title='bbox 947 4246 1023 4308; x_wconf 80' lang='lat' dir='ltr'><strong>Sunt</strong></span> <span class='ocrx_word' id='word_1_344' title='bbox 1044 4249 1093 4327; x_wconf 73' lang='lat' dir='ltr'><strong>pot</strong></span> <span class='ocrx_word' id='word_1_345' title='bbox 1117 4244 1258 4315; x_wconf 74' lang='lat' dir='ltr'><strong>timeant,</strong></span> <span class='ocrx_word' id='word_1_346' title='bbox 1281 4250 1419 4323; x_wconf 53' lang='lat' dir='ltr'><strong>„tanam</strong></span> <span class='ocrx_word' id='word_1_347' title='bbox 1442 4258 1508 4304; x_wconf 84' lang='lat' dir='ltr'><strong>esse</strong></span> 
     </span>
     <span class='ocr_line' id='line_1_38' title="bbox 147 4342 1508 4434; baseline -0.002 -19"><span class='ocrx_word' id='word_1_348' title='bbox 147 4374 203 4415; x_wconf 90' lang='lat' dir='ltr'><strong>uua</strong></span> <span class='ocrx_word' id='word_1_349' title='bbox 228 4372 293 4415; x_wconf 77' lang='lat' dir='ltr'><strong>utrm</strong></span> <span class='ocrx_word' id='word_1_350' title='bbox 316 4353 550 4433; x_wconf 87' lang='lat' dir='ltr'><strong>superimposita</strong></span> <span class='ocrx_word' id='word_1_351' title='bbox 573 4355 679 4417; x_wconf 82' lang='lat' dir='ltr'><strong>Hostia</strong></span> <span class='ocrx_word' id='word_1_352' title='bbox 702 4372 860 4434; x_wconf 78' lang='lat' dir='ltr'><strong>parumper</strong></span> <span class='ocrx_word' id='word_1_353' title='bbox 881 4344 1090 4415; x_wconf 76' lang='lat' dir='ltr'><strong>removendum</strong></span> <span class='ocrx_word' id='word_1_354' title='bbox 1113 4368 1220 4413; x_wconf 82' lang='lat' dir='ltr'><strong>versus</strong></span> <span class='ocrx_word' id='word_1_355' title='bbox 1232 4366 1326 4412; x_wconf 80' lang='lat' dir='ltr'><strong>corun</strong></span> <span class='ocrx_word' id='word_1_356' title='bbox 1345 4342 1508 4430; x_wconf 79' lang='lat' dir='ltr'><strong>Epistulae,</strong></span> 
     </span>
     <span class='ocr_line' id='line_1_39' title="bbox 144 4441 1508 4544; baseline -0.002 -20"><span class='ocrx_word' id='word_1_357' title='bbox 144 4482 184 4524; x_wconf 89' lang='lat' dir='ltr'><strong>oe</strong></span> <span class='ocrx_word' id='word_1_358' title='bbox 206 4467 313 4541; x_wconf 83' lang='lat' dir='ltr'><strong>patena</strong></span> <span class='ocrx_word' id='word_1_359' title='bbox 336 4455 436 4521; x_wconf 89' lang='lat' dir='ltr'><strong>locum</strong></span> <span class='ocrx_word' id='word_1_360' title='bbox 458 4459 603 4540; x_wconf 85' lang='lat' dir='ltr'><strong>attingat,</strong></span> <span class='ocrx_word' id='word_1_361' title='bbox 626 4462 656 4522; x_wconf 92' lang='lat' dir='ltr'><strong>iu</strong></span> <span class='ocrx_word' id='word_1_362' title='bbox 680 4480 737 4544; x_wconf 88' lang='lat' dir='ltr'><strong>quo</strong></span> <span class='ocrx_word' id='word_1_363' title='bbox 764 4464 894 4541; x_wconf 88' lang='lat' dir='ltr'><strong>positum</strong></span> <span class='ocrx_word' id='word_1_364' title='bbox 917 4459 1039 4522; x_wconf 85' lang='lat' dir='ltr'><strong>Domini</strong></span> <span class='ocrx_word' id='word_1_365' title='bbox 1069 4465 1281 4521; x_wconf 79' lang='lat' dir='ltr'><strong>sacramentum</strong></span> <span class='ocrx_word' id='word_1_366' title='bbox 1304 4455 1419 4527; x_wconf 71' lang='lat' dir='ltr'><strong>luemtt</strong></span> <span class='ocrx_word' id='word_1_367' title='bbox 1456 4441 1508 4521; x_wconf 84' lang='lat' dir='ltr'><strong>nlii</strong></span> 
     </span>
     <span class='ocr_line' id='line_1_40' title="bbox 145 4561 1507 4661; baseline -0.004 -30"><span class='ocrx_word' id='word_1_368' title='bbox 145 4567 246 4631; x_wconf 86' lang='lat' dir='ltr'><strong>oedem</strong></span> <span class='ocrx_word' id='word_1_369' title='bbox 277 4564 357 4627; x_wconf 89' lang='lat' dir='ltr'><strong>ducti</strong></span> <span class='ocrx_word' id='word_1_370' title='bbox 386 4564 498 4628; x_wconf 84' lang='lat' dir='ltr'><strong>ratione</strong></span> <span class='ocrx_word' id='word_1_371' title='bbox 529 4565 616 4629; x_wconf 87' lang='lat' dir='ltr'><strong>etiam</strong></span> <span class='ocrx_word' id='word_1_372' title='bbox 648 4567 685 4630; x_wconf 81' lang='lat' dir='ltr'><strong>ad</strong></span> <span class='ocrx_word' id='word_1_373' title='bbox 718 4568 794 4631; x_wconf 74' lang='lat' dir='ltr'><strong>latone</strong></span> <span class='ocrx_word' id='word_1_374' title='bbox 817 4575 960 4631; x_wconf 87' lang='lat' dir='ltr'><strong>remotam</strong></span> <span class='ocrx_word' id='word_1_375' title='bbox 982 4564 1095 4661; x_wconf 74' lang='lat' dir='ltr'><strong>vellent</strong></span> <span class='ocrx_word' id='word_1_376' title='bbox 1115 4573 1270 4646; x_wconf 39' lang='lat' dir='ltr'><strong>*patenam</strong></span> <span class='ocrx_word' id='word_1_377' title='bbox 1304 4582 1363 4625; x_wconf 90' lang='lat' dir='ltr'><strong>nou</strong></span> <span class='ocrx_word' id='word_1_378' title='bbox 1388 4561 1507 4644; x_wconf 85' lang='lat' dir='ltr'><strong>quidem</strong></span> 
     </span>
    </p>
   </div>
   <div class='ocr_carea' id='block_1_7' title="bbox 144 4738 360 4756">
    <p class='ocr_par' dir='ltr' id='par_1_8' title="bbox 144 4738 360 4756">
     <span class='ocr_line' id='line_1_41' title="bbox 144 4738 360 4756; baseline -0.023 0"><span class='ocrx_word' id='word_1_379' title='bbox 144 4738 360 4756; x_wconf 52' lang='grc' dir='ltr'><strong>Μ</strong></span> 
     </span>
    </p>
   </div>
   <div class='ocr_carea' id='block_1_8' title="bbox 203 4832 1509 4992">
    <p class='ocr_par' dir='ltr' id='par_1_9' title="bbox 203 4832 1509 4992">
     <span class='ocr_line' id='line_1_42' title="bbox 203 4832 1509 4905; baseline -0.008 -15"><span class='ocrx_word' id='word_1_380' title='bbox 203 4836 226 4905; x_wconf 84' lang='lat'><strong>¹)</strong></span> <span class='ocrx_word' id='word_1_381' title='bbox 250 4842 404 4893; x_wconf 75' lang='lat' dir='ltr'><strong>Istrucioue</strong></span> <span class='ocrx_word' id='word_1_382' title='bbox 430 4839 465 4887; x_wconf 78' lang='lat' dir='ltr'><strong>ert</strong></span> <span class='ocrx_word' id='word_1_383' title='bbox 488 4838 580 4890; x_wconf 80' lang='lat' dir='ltr'><strong>ordini</strong></span> <span class='ocrx_word' id='word_1_384' title='bbox 603 4839 634 4887; x_wconf 83' lang='lat' dir='ltr'><strong>ds</strong></span> <span class='ocrx_word' id='word_1_385' title='bbox 661 4839 810 4888; x_wconf 83' lang='lat' dir='ltr'><strong>osserrarsi</strong></span> <span class='ocrx_word' id='word_1_386' title='bbox 828 4834 892 4885; x_wconf 88' lang='lat' dir='ltr'><strong>nelt’</strong></span> <span class='ocrx_word' id='word_1_387' title='bbox 911 4839 1037 4885; x_wconf 78' lang='lat' dir='ltr'><strong>creatore</strong></span> <span class='ocrx_word' id='word_1_388' title='bbox 1056 4834 1179 4882; x_wconf 81' lang='lat' dir='ltr'><strong>continua</strong></span> <span class='ocrx_word' id='word_1_389' title='bbox 1198 4835 1226 4881; x_wconf 83' lang='lat' dir='ltr'><strong>dt</strong></span> <span class='ocrx_word' id='word_1_390' title='bbox 1244 4832 1279 4883; x_wconf 80' lang='lat' dir='ltr'><strong>to</strong></span> <span class='ocrx_word' id='word_1_391' title='bbox 1298 4843 1343 4880; x_wconf 91' lang='lat' dir='ltr'><strong>ore</strong></span> <span class='ocrx_word' id='word_1_392' title='bbox 1362 4832 1509 4893; x_wconf 84' lang='lat' dir='ltr'><strong>pubblieata</strong></span> 
     </span>
     <span class='ocr_line' id='line_1_43' title="bbox 253 4918 1507 4992; baseline -0.006 -12"><span class='ocrx_word' id='word_1_393' title='bbox 253 4931 409 4992; x_wconf 73' lang='lat' dir='ltr'><strong>peroratae</strong></span> <span class='ocrx_word' id='word_1_394' title='bbox 422 4930 448 4979; x_wconf 84' lang='lat' dir='ltr'><strong>m</strong></span> <span class='ocrx_word' id='word_1_395' title='bbox 460 4925 555 4978; x_wconf 85' lang='lat' dir='ltr'><strong>Nostro</strong></span> <span class='ocrx_word' id='word_1_396' title='bbox 569 4926 681 4990; x_wconf 75' lang='lat' dir='ltr'><strong>signore</strong></span> <span class='ocrx_word' id='word_1_397' title='bbox 694 4925 762 4988; x_wconf 78' lang='lat' dir='ltr'><strong>Papa</strong></span> <span class='ocrx_word' id='word_1_398' title='bbox 775 4924 911 4976; x_wconf 87' lang='lat' dir='ltr'><strong>Clemente</strong></span> <span class='ocrx_word' id='word_1_399' title='bbox 922 4922 974 4975; x_wconf 83' lang='lat' dir='ltr'><strong>illl.</strong></span> <span class='ocrx_word' id='word_1_400' title='bbox 989 4922 1049 4973; x_wconf 84' lang='lat' dir='ltr'><strong>eddi</strong></span> <span class='ocrx_word' id='word_1_401' title='bbox 1065 4921 1077 4972; x_wconf 86' lang='grc'>1</span> <span class='ocrx_word' id='word_1_402' title='bbox 1092 4923 1239 4974; x_wconf 84' lang='lat' dir='ltr'><strong>settembre</strong></span> <span class='ocrx_word' id='word_1_403' title='bbox 1254 4921 1322 4974; x_wconf 79' lang='lat'><strong>17³0</strong></span> <span class='ocrx_word' id='word_1_404' title='bbox 1333 4948 1370 4961; x_wconf 88' lang='lat'>-</span> <span class='ocrx_word' id='word_1_405' title='bbox 1383 4921 1406 4983; x_wconf 57' lang='lat'><strong>§.⁴</strong></span> <span class='ocrx_word' id='word_1_406' title='bbox 1415 4918 1507 4972; x_wconf 79' lang='lat' dir='ltr'><strong>xxvu.</strong></span> 
     </span>
    </p>
   </div>
   <div class='ocr_carea' id='block_1_9' title="bbox 0 0 1716 5224">
    <p class='ocr_par' dir='ltr' id='par_1_10' title="bbox 0 0 1716 5224">
     <span class='ocr_line' id='line_1_44' title="bbox 0 0 1716 5224; baseline 0 0"><span class='ocrx_word' id='word_1_407' title='bbox 0 0 1716 5224; x_wconf 95' lang='lat' dir='ltr'><strong> </strong></span> 
     </span>
    </p>
   </div>
  </div>
 </body>
</html>
