3346 5216
177 101 229 183 it

177 293 334 378 obligandi
355 296 386 359 ri
408 297 549 385 quaerite
571 296 719 378 distingui
741 295 844 378 debota
863 293 923 359 aiis
944 308 1070 379 neuqua
1089 298 1301 391 est'qaeaetiot
1321 301 1450 375 „eoam
1466 297 1537 361 teta

129 470 134 479 ,
177 403 303 469 decreta
323 403 359 465 ta
382 406 572 468 amaricatio
594 401 762 486 etiamr
794 410 826 465 et
853 400 927 465 aliut
962 420 1139 486 ‚memque
1161 422 1196 469 ee
1215 404 1367 485 demedi
1386 404 1536 468 extendat

177 508 342 592 camerac
371 529 440 587 seu,
471 510 547 592 quod
577 510 657 575 idem
686 518 751 581 est3
782 512 906 583 „otmar
933 527 974 570 ee
999 512 1098 572 mente
1119 510 1251 575 Patrem
1271 511 1388 576 ritibus
1411 512 1537 575 emesa

175 619 419 699 memoramus
441 616 633 680 universalia
656 633 774 695 semper
796 616 921 679 decreta
944 619 1067 679 cenecrt'
1086 616 1217 681 debeant
1240 636 1282 681 aa
1303 636 1406 681 cecus.
1466 619 1535 681 iem

176 742 247 786 vero
272 726 298 787 si
322 723 359 787 de
386 742 533 805 responso
556 723 594 787 ud
617 724 701 806 priua
725 723 892 805 quaesitum
914 732 1037 803 egetur,
1061 723 1196 806 equidem
1217 742 1279 787 ¹aon
1301 743 1440 805 possunt.
1463 726 1535 807 quin

177 830 282 907 mirer,
312 831 437 912 reperiri
466 829 635 893 sacerdotes
657 827 872 892 ecclesiasticae
899 826 1074 909 disciplinae
1101 849 1136 892 ae
1157 829 1306 893 studiosos
1327 840 1536 914 oneratusque

176 958 203 1002 a·
228 956 256 1001 s.
279 936 348 1003 sede
371 936 599 1005 constitutiones
621 957 679 1019 pro
702 935 809 1017 agend
830 955 935 999 norma
958 935 1065 998 babere
1087 935 1272 1017 profitentes,
1295 956 1370 1019 quoa
1391 939 1537 1001 incanam

178 1043 321 1109 dubitatio
352 1042 390 1109 de
418 1044 506 1109 istius
536 1045 617 1107 modi
640 1042 795 1125 obligandi
817 1044 927 1105 virtute
950 1044 1087 1124 quiverit.
1133 1044 1232 1106 Nemo
1251 1043 1345 1116 ernian¹
1378 1054 1467 1127 poto,
1491 1054 1538 1113 ast

177 1151 224 1217 cui
244 1168 263 1213 a
285 1149 370 1214 nubis
392 1170 482 1232 supro
506 1148 538 1230 1)
560 1149 711 1233 disputata
734 1158 843 1213 attente
865 1147 1066 1230 perlustranti
1087 1152 1165 1213 satis
1186 1170 1246 1214 uon
1268 1161 1399 1224 constet,
1424 1168 1482 1234 pue
1504 1153 1538 1214 iu

181 1255 277 1338 pretio
300 1255 330 1318 id
354 1277 448 1338 genus
472 1256 640 1338 regulorum
664 1259 704 1319 sit
727 1253 910 1335 habendum,
932 1276 969 1319 an
987 1257 1110 1339 propria
1132 1256 1223 1319 dictis
1244 1255 1359 1340 legibus
1380 1259 1412 1321 S.
1437 1259 1474 1322 lt.
1498 1258 1536 1322 C.

178 1363 299 1429 decreta
322 1363 384 1427 siut
399 1363 620 1429 annumeranda
642 1383 695 1428 nec
717 1364 777 1425 nei
798 1361 835 1425 Et
856 1383 936 1440 sane,
959 1371 1004 1425 tot
1025 1371 1162 1445 tenuante
1176 1374 1276 1429 assem
1297 1365 1365 1429 ituic
1389 1366 1434 1428 cei
1456 1384 1534 1429 uon-

177 1468 323 1535 iciendae
346 1472 429 1551 paria
452 1470 612 1553 idoneaque
633 1480 824 1554 argumente,
855 1478 887 1572 pt
909 1471 1040 1533 inbuitus
1063 1471 1275 1552 propemodum
1298 1490 1366 1539 asae
1387 1472 1537 1551 deberem,

177 1578 204 1639 ai
235 1578 335 1641 omnia
365 1572 473 1641 vellem
503 1579 533 1641 iu
564 1579 693 1645 medium
715 1576 850 1640 adducta.
898 1576 955 1639 Sed
978 1596 1014 1638 ne
1036 1575 1157 1657 tongum
1180 1579 1313 1657 iaciam‚'
1336 1577 1537 1662 compluria!

176 1684 324 1749 rationum
347 1683 408 1747 rim
431 1703 599 1766 exponens,
628 1687 704 1749 satis
727 1684 837 1761 babeo,
867 1692 939 1765 post
960 1702 1011 1759 aa,
1039 1703 1113 1765 quaa
1136 1684 1218 1762 dixi,
1241 1705 1328 1753 usna
1351 1696 1465 1751 tantum
1488 1685 1538 1749 tte

175 1810 349 1857 munerare.
803 1870 806 1875 Ι

310 1894 394 1978 Quae
417 1908 560 1980 excerpta
583 1896 675 1980 paulo
696 1907 781 1963 antea
799 1894 834 1982 2)
855 1895 993 1961 dedimiae
1015 1917 1054 1961 ex
1067 1916 1157 1980 srepa
1180 1894 1298 1963 leutm
1321 1900 1539 1983 consttutiona

177 2026 203 2069 s.
226 2006 269 2069 ii.
285 2006 366 2070 Sinti
388 2005 422 2067 P.
445 2006 481 2068 V.
503 2002 699 2081 „Immeaaa“
723 2007 752 2068 in
777 2003 936 2087 propatulo
958 2012 1037 2066 corto
1060 2013 1183 2086 ponunt,
1206 2024 1307 2069 saurae
1323 2006 1411 2094 itujus
1426 2008 1540 2071 rituum

179 2112 431 2194 Congregationis
453 2111 557 2176 Patres
577 2112 700 2176 daneta
723 2112 843 2175 omuino
871 2131 889 2173 u
912 2113 1034 2175 Summo
1055 2110 1197 2175 Pontidoe
1227 2132 1294 2176 osse
1322 2109 1541 2195 facoltatibus

175 2222 342 2283 inatractos
365 2219 403 2283 ad
427 2218 562 2282 ornando
583 2238 637 2295 aura
659 2218 772 2302 piacita
793 2217 946 2301 obligandi
963 2219 1086 2295 virtute,
1109 2217 1147 2281 ad
1170 2217 1328 2302 ligandam.
1345 2220 1539 2285 subdamu-

177 2326 395 2391 couscientiant.
441 2327 522 2393 Heio
543 2347 615 2391 vero
637 2325 778 2409 legiterae
799 2325 938 2408 potestati
958 2326 1071 2390 aeriam
1094 2345 1208 2409 qaoque
1239 2327 1377 2395 sumere
1398 2330 1541 2405 masa,

176 2430 332 2516 edweardi
353 2432 390 2497 de
411 2435 491 2499 iacto
513 2435 689 2513 interiores,
712 2435 795 2516 ipse,
825 2435 931 2517 quibus
955 2433 1072 2497 denseta
1095 2443 1236 2516 coempta
1257 2445 1344 2507 suut,
1365 2434 1455 2497 rerba
1477 2434 1540 2497 ab·

177 2540 252 2605 uude
274 2539 445 2609 ostendunt.
492 2543 614 2625 thue,
642 2563 699 2607 soa
721 2560 754 2604 so
777 2560 814 2605 ex
841 2541 917 2622 ipsis
946 2541 1082 2605 toeminis
1103 2541 1290 2605 sommendat
1311 2539 1458 2606 evidentia
1478 2543 1543 2606 ista

176 2646 315 2711 voluntas
337 2647 384 2712 vol
409 2669 474 2712 oum
493 2653 665 2733 penmate'm
687 2648 874 2713 rescribunt:
899 2647 1108 2713 inveteratam
1130 2667 1340 2732 quameunque
1353 2650 1388 2710 in
1404 2651 1544 2714 costra-

174 2757 253 2820 rium
275 2757 524 2821 consuetudinem
546 2760 693 2840 derepere
722 2776 780 2819 aaa
809 2775 901 2836 paese
921 2754 985 2840 lepr'
1012 2774 1033 2817 a
1061 2753 1209 2819 Decretis
1241 2752 1274 2823 S.
1304 2752 1344 2817 R.
1375 2753 1408 2818 C.
1436 2774 1544 2835 prae-

179 2865 338 2944 sert'ptae“
362 2862 395 2951 ³)
418 2862 467 2929 rei
490 2886 556 2934 cuno
577 2864 809 2941 ‚inobedienter
832 2863 965 2928 decretis
983 2865 1093 2943 poenis
1115 2882 1182 2927 cese
1204 2863 1385 2926 coercendos
1408 2873 1437 2926 et
1459 2884 1545 2927 cert-

175 2972 261 3035 rart'r
279 2968 312 3057 ⁴)
334 2975 368 3035 a‘a
383 2977 486 3054 specie
509 2969 663 3037 declarant
685 2971 799 3045 Patras.
847 2971 981 3037 Sedato
1004 2969 1040 3033 ad
1065 2972 1186 3033 meritas
1209 2980 1402 3052 reposcuntur
1425 2990 1545 3052 poenas

174 3078 382 3142 inobedientes
403 3081 548 3155 decretis,
572 3081 598 3142 si
614 3099 649 3142 ea
671 3081 791 3161 iusuper
814 3078 954 3142 habentes
976 3079 1111 3141 strictam
1127 3076 1224 3159 legem
1242 3078 1397 3160 infregisse
1413 3077 1545 3159 putandi

177 3205 238 3249 nou
260 3189 352 3250 aaut?

268 3302 271 3309 Α
314 3318 366 3378 19.
390 3311 424 3373 Si
445 3330 515 3373 vcro
538 3321 694 3394 quaeratur
717 3312 754 3374 de
775 3309 869 3374 altera
891 3311 1104 3381 conaoversir,
1128 3313 1232 3371 atram
1252 3327 1298 3371 ec.
1321 3327 1359 3371 ea
1382 3305 1547 3373 Putridae

180 3418 304 3483 tamdia
328 3419 436 3483 ritibus
459 3419 636 3501 praepositis
657 3436 742 3481 mma
762 3438 880 3498 seraper
902 3418 1059 3492 insideat,
1088 3421 1124 3481 ut
1154 3412 1231 3481 latae
1259 3435 1277 3477 a
1300 3413 1547 3497 congregatione

173 3523 255 3609 depes
270 3523 382 3608 edique
403 3523 535 3590 beorum
554 3523 783 3609 prmotqearor
804 3524 1068 3608 promulgataeque
1092 3526 1126 3586 ia
1140 3541 1229 3587 aram
1245 3522 1451 3601 deducentur,
1474 3541 1573 3611 seu,-

179 3640 277 3695 utrum
300 3634 401 3696 onmia
423 3636 542 3697 omnzbo
565 3635 602 3697 ab
625 3635 700 3715 ipsis
722 3633 800 3695 edita
824 3634 942 3697 decreta
964 3628 1160 3695 anteieraalt'a
1175 3648 1290 3710 semper
1310 3629 1371 3693 sint
1394 3639 1548 3692 euinctus-

176 3760 230 3823 que
254 3736 358 3803 fideles
381 3740 606 3825 adstringentis,
630 3750 700 3804 tuno
723 3744 874 3805 enimvero
898 3744 1109 3823 increpantem
1132 3738 1316 3802 sententiam
1339 3743 1383 3799 cst
1406 3735 1548 3800 descen-

175 3845 315 3927 dendum,
338 3868 405 3912 oum
428 3868 482 3932 pro
505 3847 722 3913 universalibus
746 3870 806 3913 nou
830 3850 950 3931 possint
972 3847 1082 3919 haberi,
1103 3847 1165 3910 'nbi
1180 3845 1211 3909 id
1226 3855 1256 3908 et
1270 3846 1420 3926 expreoeis
1435 3845 1549 3909 uerbis

174 3954 332 4034 doccatur,
354 3966 384 4021 et
405 3955 537 4040 legitima
561 3938 737 4021 dedumione
759 3976 798 4019 ex
814 3940 874 4019 tota
898 3956 976 4019 serie
998 3963 1137 4036 mamque
1159 3952 1303 4017 orationis
1318 3949 1426 4033 colligi
1440 3950 1548 4026 detur.

174 4073 265 4145 prout
286 4063 385 4127 iustus
400 4084 456 4128 suo
471 4062 537 4127 ioco
551 4061 584 4149 5)
608 4064 750 4126 dicemus.
789 4060 873 4141 Quae
888 4063 960 4126 baa
976 4062 1057 4125 ticet
1069 4052 1307 4139 comprobandae
1322 4058 1551 4124 vindicandae·-

176 4190 230 4252 que
252 4170 339 4234 nobis
360 4180 518 4252 suppetunt
540 4174 721 4253 arqumenta
745 4170 838 4234 diuidi
861 4189 920 4233 non
938 4168 1120 4233 incommode
1136 4168 1166 4229 in
1183 4165 1255 4228 dues
1269 4165 1381 4230 classes
1396 4178 1548 4247 possunt.

175 4274 385 4341 {delectabiles
409 4280 487 4341 enim
511 4278 585 4341 adeo
608 4287 679 4342 sunt
703 4279 852 4360 utriusque
876 4280 996 4359 generis
1021 4276 1169 4353 rationes,
1194 4284 1224 4337 ut
1247 4293 1312 4336 cum
1334 4276 1401 4336 istis
1420 4275 1555 4342 mainus

230 4563 257 4627 1)
277 4562 332 4615 etr.
350 4577 393 4613 nn.
412 4566 444 4627 43
462 4564 494 4629 ⁵3
513 4564 546 4627 ⁷3
567 4565 605 4613 tr.

230 4648 256 4715 ¹)
276 4650 330 4701 Cir.
350 4663 393 4699 nu.
413 4648 446 4715 ⁴3
465 4652 496 4713 ⁶3
518 4651 560 4701 tt.

229 4736 253 4805 ⁸)
272 4739 301 4788 iu
321 4736 509 4791 cruentius.
529 4739 595 4803 Aug.
616 4739 692 4789 1831.

228 4822 254 4889 ⁴)
271 4826 300 4876 in
318 4823 400 4875 Coiet.
422 4825 463 4878 ts.
482 4824 542 4877 Deo.
564 4825 640 4879 atat.

228 4911 257 4976 Ι)
274 4913 338 4976 cip.
355 4910 396 4965 vr.
414 4924 440 4964 a
461 4910 595 4984 arram
