3346 5216
890 316 922 396 §.
951 316 1027 381 itu·

423 425 670 489 Denuntiatioues
701 421 815 504 scripto
847 421 959 497 iactae,
990 440 1110 501 quarum
1138 430 1230 482 autor
1261 440 1368 484 nomen
1392 420 1562 487 abscondit.

357 535 412 596 par
439 534 475 576 ae
504 521 618 576 sumtaa
648 531 796 594 nunquam
826 510 994 577 sufiiciunt,
1024 529 1097 590 quae
1125 528 1228 572 ausam
1259 511 1417 589 praebeant
1447 507 1563 572 ad'in-

358 601 535 684 quirendum
558 600 596 664 da
619 599 800 665 matrimonii
822 598 930 663 valore.

919 756 926 768 .
953 710 1026 769 itt.

390 803 393 808 ’
424 809 543 890 Quodsi
574 814 609 876 de
638 814 789 876 obtinente
820 708 945 893 quoddm
969 811 1151 873 matrimonii
1174 808 1385 891 impedimento
1408 810 1486 873 iuma
1500 794 1565 873 'ui-

359 898 509 983 vuigetur,
533 922 609 984 quaa
633 901 771 964 omnibus
787 904 947 981 perpensis
963 900 1197 962 circumstantiis
1213 904 1405 962 attentionem
1422 908 1564 969 meretur.

359 987 489 1054 tribunal
521 991 740 1054 matrimoniale
771 994 851 1052 circe
882 988 1105 1052 fundamentum
1141 989 1244 1051 harum
1276 990 1475 1052 narrationum
1513 984 1565 1051 vei

359 1083 557 1144 assemiouum
576 1082 736 1159 investiget
751 1088 838 1161 atque
853 1076 1006 1162 dijudicet,
1020 1097 1068 1150 an,
1086 1097 1158 1159 quae
1175 1085 1323 1148 eruantur.
1340 1078 1565 1159 inqrriaitionem

359 1168 482 1232 dacami
505 1166 667 1249 postulant
1293 1176 1296 1181 '

900 1275 929 1352 §.
957 1277 1030 1339 132.

427 1379 692 1444 Denuntiatiouum
723 1397 814 1457 super
843 1376 1080 1460 impedimentis,
1119 1387 1243 1461 propter
1276 1398 1347 1459 quiae
1387 1375 1568 1461 conjugibus

360 1476 473 1531 tantum
492 1465 547 1552 jus
571 1464 731 1531 accusandi
754 1472 918 1547 competit,
947 1467 984 1528 de
1010 1465 1114 1547 reguis
1136 1464 1305 1529 nuliatenus
1327 1469 1405 1530 ratio
1426 1466 1569 1529 habenda

362 1566 426 1619 est:
458 1557 508 1620 ubi
540 1566 636 1619 autem
673 1575 711 1619 ex
740 1551 841 1617 aiiatia
872 1555 986 1637 liquido
1017 1563 1148 1629 constet,
1187 1557 1407 1619 matrimonium
1444 1557 1567 1637 aliquod

360 1656 486 1730 propter
517 1644 663 1731 ejusmodi
693 1642 944 1724 impedimentum·
968 1645 1085 1707 irritum
1109 1663 1192 1707 esse.
1224 1665 1261 1707 ea
1296 1645 1395 1708 oiiicio
1418 1643 1568 1725 agendum

361 1745 426 1813 cst,
457 1744 489 1798 ut
516 1732 562 1799 uel
595 1733 795 1799 convuidauo
818 1742 980 1814 peragatur
1010 1731 1057 1795 vei
1081 1754 1152 1815 pars
1176 1734 1337 1797 adcusaadi
1355 1733 1424 1817 jure
1447 1731 1569 1815 podiens

362 1823 509 1887 adversus
532 1822 753 1886 matrimonium
776 1819 926 1888 reclamet.

221 2111 358 2175 Conium
434 2102 552 2186 Quodsi
582 2108 827 2190 impedimentum
857 2021 966 2189 insjua
989 2103 1146 2169 adductum
1169 2106 1230 2168 talo
1254 2107 1311 2169 sit.
1336 2114 1367 2171 ut
1398 2107 1573 2190 qruomodo-

202 2185 347 2306 n¹⁰⁰d⁰¹¹¹⁰¹·
368 2216 482 2278 cunque
510 2215 560 2259 ros
590 2215 624 2259 se
653 2196 776 2267 habeat,
806 2214 970 2258 cousensus
1000 2204 1078 2257 certe
1109 2194 1246 2279 conjugis
1267 2201 1490 2261 matrimonium
1513 2215 1573 2259 ao-

215 2266 355 2387 gmssss
369 2284 502 2349 amantis
532 2284 569 2349 ad
599 2289 696 2366 ipsum
725 2284 934 2348 removendum
964 2284 1108 2359 sufficiat,
1137 2285 1292 2349 ordinario
1314 2283 1472 2368 conjugum
1496 2292 1574 2349 aui-

203 2400 262 2447 ιω
287 2392 483 2445 ,camertem
506 2379 635 2437 curatori
658 2385 709 2441 aut
731 2393 785 2461 pro
808 2394 905 2437 rerum
929 2382 958 2436 at
977 2392 1173 2455 personarum
1198 2373 1370 2437 conditione
1393 2373 1444 2437 aiii
1460 2392 1572 2437 saeer-

203 2461 433 2528 tauream-doti
456 2462 669 2548 injungendum
692 2472 753 2537 est,
785 2470 817 2524 ut
846 2461 1098 2525 admonitionibus
1121 2467 1297 2542 opportunis
1319 2472 1434 2543 partem
1456 2469 1572 2527 matri-

203 2539 499 2660 iiffldffimmm
522 2557 743 2634 impugnantem
767 2550 804 2614 ad
828 2569 1005 2615 consensum
1029 2551 1230 2615 renovandum
1259 2551 1382 2617 inducat
1404 2552 1452 2615 vai
1474 2556 1568 2617 etiam

322 2623 338 2660 ¹¹
366 2662 423 2723 pro
451 2663 485 2706 ra
514 2652 584 2704 nata
613 2640 759 2719 obtineat,
799 2649 829 2702 ut
860 2659 1024 2705 consensus
1052 2640 1211 2703 declaratio
1242 2658 1343 2703 coram
1376 2640 1506 2721 parociao
1537 2653 1570 2704 at

365 2730 484 2794 duobus
508 2730 635 2794 testibus
658 2732 789 2792 iteretur.

429 2924 557 2999 Reierat
583 2925 629 2989 cui
653 2923 804 3006 negotium
819 2928 1009 2989 commissum
1026 2934 1079 2999 est,
1103 2923 1142 2987 ad
1166 2922 1325 2988 tribunalis
1339 2923 1569 2988 matrimonialis

363 3016 529 3099 praesidem
553 3016 739 3079 conaminum
764 3016 895 3089 exitum,
926 3024 955 3074 et
986 3014 1102 3094 quaudo
1127 3012 1238 3099 conjux
1261 3014 1481 3077 matrimonium
1505 3018 1568 3076 im-

322 3186 325 3195 ,
363 3123 500 3186 pugnans
529 3103 654 3168 condito
685 3111 772 3183 capto
805 3101 942 3179 insistat,
973 3101 1166 3185 superaddat,
1197 3122 1385 3185 quaecunque
1408 3103 1445 3166 do
1468 3104 1564 3171 iactis.

364 3193 508 3275 aquibus
531 3193 615 3255 valor
637 3192 822 3257 matrimonii
846 3196 977 3254 accusati
1001 3191 1345 3279 dependat-comperiri
1369 3194 1473 3272 potuit.

429 3476 463 3542 ln
487 3488 625 3561 quantum
649 3477 869 3557 emergentibus
885 3475 1114 3557 impedimentis,
1137 3496 1210 3560 quaa
1233 3475 1394 3562 conjugum
1418 3495 1567 3538 consensu

366 3571 515 3631 removeri
538 3575 700 3649 nequeant,
723 3566 843 3647 praevie
866 3566 1037 3647 cooperatio
1062 3567 1204 3648 quaedam
1229 3565 1392 3629 animarum
1417 3570 1567 3627 curatoris

364 3654 551 3739 disponendo
574 3660 689 3729 veniat,
722 3675 739 3716 a
762 3654 931 3716 conditione
955 3673 1043 3717 casus
1066 3664 1095 3717 et
1117 3654 1255 3737 prudenti
1279 3652 1437 3717 tribunalia
1460 3654 1579 3716 matri-'

366 3746 505 3809 monialis
524 3742 639 3829 judicio
657 3740 850 3824 'dependebit
1633 3740 1635 3743 '

433 4028 602 4114 conjugum
619 4029 712 4090 altero
729 3940 950 4090 matrimonium
966 4026 1139 4097 adcusantc,
1164 4028 1343 4109 praeprimis
1360 4026 1569 4108 iaqatircudum

365 4128 428 4195 ast,
458 4135 497 4181 an
527 4119 630 4182 forsan
663 4136 698 4179 ea
728 4117 882 4179 obtineant
904 4136 1002 4179 rerum
1026 4115 1182 4199 adjuncta„
1210 4127 1257 4185 ut,
1281 4117 1308 4179 si
1332 4126 1418 4177 actor
1438 4134 1569 4198 uuquam

236 4277 239 4281 ἵ
366 4204 548 4270 reclamandi
574 4205 627 4291 jus
656 4204 808 4278 habuerit,
848 4224 924 4268 nuno
955 4216 1035 4268 carte
1064 4210 1210 4287 temporis
1238 4206 1340 4269 eodem
1370 4213 1481 4268 exutus
1512 4208 1572 4266 sitt

294 4312 299 4321 ·
368 4295 447 4380 qnod
470 4295 587 4378 quaudo
610 4303 698 4358 extra
720 4294 840 4358 dubium
864 4297 906 4356 sit
928 4296 1069 4375 positum.
1092 4297 1170 4357 actio
1184 4294 1269 4356 'haud
1295 4294 1478 4357 admittatur.

438 4579 494 4644 uti
517 4584 669 4643 eumatio
684 4572 866 4642 matrimonii
880 4491 961 4643 idaeo
977 4582 1129 4651 innuatur,
1153 4580 1240 4662 quod.
1263 4577 1334 4642 licet
1347 4596 1448 4667 renam
1471 4579 1571 4643 anda-

370 4687 485 4751 qaaque
516 4677 615 4747 essct,
646 4665 838 4729 nihilominus
867 4677 918 4731 aut
945 4665 1082 4731 absoluta
1110 4678 1160 4732 aut
1190 4670 1246 4731 sui
1275 4668 1509 4732 circumstantiis
1530 4669 1572 4731 aia

370 4758 438 4836 ipso
460 4766 561 4819 actore
584 4757 728 4837 expositis
752 4761 972 4820 matrimonium
1003 4756 1275 4837 irritandoimpar
1294 4758 1390 4834 forat,
1419 4759 1572 4821 amaram

370 4842 482 4924 absum
506 4841 641 4908 ulteriori
663 4844 853 4925 mqnisitioue
876 4843 1048 4927 repellanda
1070 4854 1125 4907 eat.
1544 4862 1548 4869 ·
