3330 5222
1368 104 1456 181 XXV

132 336 401 471 Litterae,
449 372 580 478 quas
631 336 696 442 dc
731 341 1118 448 communicatis
1166 340 1420 485 Princeps
1488 357 1493 375 '

165 496 170 503 ’
285 497 730 641 Archiepiscopus
765 497 1083 606 Viennensis
1118 502 1275 614 dedit.

194 748 447 814 Eminentissime
468 769 503 813 sc
526 750 786 817 Reuerendissime
808 751 951 819 Domine!
974 753 1101 819 Domine
1124 716 1358 821 colendissimo!

251 911 515 974 Honoratissimae
554 911 739 975 Eminentiue
777 912 902 975 Vestrae
936 913 1213 976 Reverendissimae
1253 912 1369 977 litterae
1407 913 1455 976 die

108 1003 150 1065 ts
172 1000 309 1082 Augusti
336 1000 421 1063 datec
448 1000 582 1064 redditae
609 999 682 1063 mihi
710 1010 797 1078 sont,
826 1001 863 1064 de
893 998 998 1083 quibus
1030 1001 1101 1064 mihi
1131 1004 1246 1065 unicam
1274 1002 1455 1087 subjungere

103 1085 183 1151 licem
198 1090 456 1155 obseruationem.
487 1087 590 1152 Relate
605 1088 642 1151 od
662 1109 705 1166 eo,
729 1109 801 1171 quae
823 1091 855 1153 in
877 1088 1004 1171 epistola
1027 1090 1131 1153 eodem
1153 1091 1200 1154 die
1224 1091 1291 1155 datu
1306 1093 1364 1156 No.
1380 1090 1455 1157 XllI.

104 1196 309 1259 mposueram,
331 1179 502 1241 Eminentia
518 1178 629 1241 Vestra
650 1180 682 1240 in
705 1176 814 1241 litteris
837 1179 925 1244 Not
953 1179 1025 1242 milui
1049 1179 1293 1257 communicavit,
1315 1180 1454 1243 Sanctis-

101 1268 202 1330 simum
226 1268 350 1331 Patrem
371 1287 432 1331 non
456 1266 605 1345 dubitare,
632 1267 702 1350 quin
725 1269 756 1331 in
779 1267 986 1332 constituenda
1009 1271 1220 1333 commissione
1242 1267 1455 1347 ecclesiastica,

100 1356 134 1419 de
154 1377 214 1439 qua
239 1356 283 1419 ibi
305 1366 404 1420 sermo
422 1367 480 1435 est,
503 1356 685 1420 Gubernium
700 1356 890 1421 Eustriacum
905 1358 1013 1420 Sancto
1030 1376 1095 1421 cum
1108 1358 1185 1423 Sede
1207 1366 1455 1439 pertractaturum
1530 1430 1534 1438 ⁵

101 1446 148 1511 sit.
192 1447 287 1524 Rem,
317 1446 354 1509 dc
385 1466 441 1529 qua
469 1443 549 1509 nulla
577 1444 650 1508 mihi
680 1442 810 1509 incultas
828 1463 971 1513 concesso
1001 1456 1064 1525 est,
1095 1447 1132 1510 ad
1153 1445 1342 1532 Majsstatem
1365 1449 1455 1511 Surum

99 1535 244 1612 referem3
277 1535 478 1600 Eminentiam
501 1533 599 1599 nmen
621 1536 758 1598 Vestram
779 1554 835 1616 pro
859 1535 984 1614 eximia,
1012 1554 1068 1619 qua
1096 1533 1280 1620 praefulget,
1309 1536 1456 1618 sapientia

99 1626 219 1688 minime
241 1625 337 1706 fugit,
360 1633 500 1708 quantum
522 1624 619 1705 ipsius
642 1620 794 1691 Ecclesiae
816 1621 928 1687 utilitas
953 1633 1074 1705 poscat,
1097 1633 1129 1687 ut
1152 1624 1340 1704 commissio,
1369 1624 1455 1711 cujus

100 1710 230 1776 consilio
255 1712 403 1800 Maiestas
423 1715 481 1776 Suu
504 1715 550 1777 uti
569 1713 705 1790 intendit,
729 1731 768 1777 ex
789 1713 864 1777 viris
880 1722 1083 1795 componatur,
1104 1714 1136 1778 in
1159 1715 1266 1798 quibus
1289 1716 1456 1797 Augustis-

101 1803 192 1866 simus
216 1800 355 1867 fiduciam
378 1803 577 1867 omnimodam
600 1798 737 1875 collocat.

236 1908 375 1974 Ceterum
406 1931 441 1974 ea
469 1929 542 1974 sane
570 1907 740 1994 Mojestutis
770 1910 846 1973 Suae
876 1928 963 1973 mens
991 1917 1039 1973 est
1067 1918 1096 1972 et
1126 1909 1211 1973 firma
1239 1907 1394 1986 voluntas,
1423 1919 1457 1973 ut
1487 1956 1493 1969 .

101 1999 219 2076 omnia,
249 1999 287 2062 de
310 2000 415 2081 quibus
446 2006 622 2063 contentum
645 2006 708 2076 est,
731 2019 782 2071 eo.
806 2017 863 2080 quo
886 2006 1063 2062 conventum
1086 2007 1151 2075 est,
1173 2017 1265 2062 sensu
1288 1999 1457 2062 executioni

101 2089 295 2163 mundentur,
317 2107 352 2150 ac
375 2090 488 2171 optimo
506 2088 576 2174 juro
597 2088 794 2169 morandum,
816 2089 848 2151 in
871 2089 928 2151 Dei
951 2086 1076 2168 glorium
1100 2085 1309 2170 Ecclesiscque
1330 2083 1457 2151 salutem

101 2187 130 2241 et
151 2176 366 2241 exaltationem
390 2179 473 2241 omni
495 2185 641 2260 experte
663 2195 816 2240 cessurum
839 2178 1048 2259 mavmsimum
1070 2178 1237 2259 negotium,
1264 2175 1352 2263 cujus
1373 2184 1457 2241 tanta

100 2287 170 2351 pars
191 2268 252 2333 fnit
273 2267 444 2332 Eminentia
465 2268 583 2331 Vestra.

231 2373 342 2438 Eidem
369 2372 467 2437 denno
495 2372 621 2438 exhibeo
648 2391 779 2437 sommas
808 2373 1010 2438 venerationis
1038 2374 1222 2458 eximiaeque
1250 2372 1456 2438 observantiae

101 2482 226 2545 muts,
252 2464 431 2547 caduceum
452 2482 614 2544 permaneo
652 2526 655 2535 ,
1231 2472 1236 2481 “

463 2657 652 2732 Eminentius
672 2660 796 2723 Vestrae
818 2656 1096 2724 Reverendissimae

229 2820 382 2902 Viennae,
404 2818 454 2883 die
477 2825 528 2887 ts.
550 2819 682 2903 Augusti
706 2821 803 2885 isto.

635 3028 817 3096 humillimus
839 3039 870 3095 et
892 3028 1179 3113 obsequentissimus
1203 3047 1308 3107 sersus

569 3169 681 3243 ὕοι.
710 3170 878 3249 (κω.
901 3172 963 3244 de
985 3170 1253 3246 munirer·
1274 3192 1314 3242 m
1335 3192 1366 3254 p.

765 3300 1017 3384 Archiopiaoopua
1045 3296 1235 3364 Viennensis.

277 4147 694 4271 LITTERAE
720 4140 1284 4258 ‘Arusrunlcstu

97 4328 318 4400 tumtun
342 4328 410 4397 Suo
424 4330 486 4397 Pio
501 4329 558 4395 ir.
572 4330 690 4397 &moto
712 4306 865 4408 Pontificio
886 4327 928 4391 od
942 4324 1072 4407 ruptus
1084 4322 1251 4393 Auetn'oci
1262 4319 1457 4400 Cordiuoloe,

465 4420 722 4504 Arelt'epdceopoe
745 4421 777 4483 ct
798 4415 966 4499 Episcopus
988 4415 1093 4481 dulos.

622 4620 723 4681 rins
740 4620 853 4691 rapa
871 4595 951 4676 11„⁴

233 4777 347 4846 llileoti
372 4776 451 4843 Filii
469 4776 576 4844 Nostri
604 4794 639 4839 ac
661 4772 847 4840 Venerabilos
869 4772 1010 4845 Fratres,
1041 4766 1168 4833 salutem
1198 4775 1228 4833 ot
1249 4766 1455 4854 Apostolicam

100 4870 353 4936 Benedictiomm.
398 4867 516 4951 Optime
538 4867 673 4938 noscitis,
697 4863 808 4931 Dilecti
830 4861 902 4929 Filii
921 4859 1027 4927 Nostri
1050 4867 1081 4922 et
1102 4857 1295 4923 venerabiles
1318 4856 1453 4922 Fratres,

99 4959 300 5028 θυίωίιιω
321 4960 357 5026 in
379 4956 499 5026 cursu
518 4955 633 5023 Filium
654 4957 800 5026 Nostrum
820 4953 1015 5018 Ermciscum
1036 4948 1200 5034 luceolum
1228 4946 1367 5010 dusinus
1388 4938 1462 5005 ln«
