3392 5218
188 114 266 195 ‚m

317 318 348 379 6.
380 312 476 375 Probe
502 312 661 376 tenendum
687 321 748 383 est.
781 310 855 376 nibil
878 313 910 375 iu
933 309 1036 394 regula
1058 312 1218 392 suffragari
1240 305 1303 372 illis
1325 311 1543 374 Testimonium

184 417 328 481 medicum
353 417 390 480 de
412 426 490 480 stetu
513 419 649 482 insaniae
671 419 877 498 praecedenti,
902 422 951 500 qui
973 427 1046 499 post
1068 425 1215 499 putratum
1239 416 1360 486 crimen,
1387 415 1544 479 mnniiestu

190 542 282 586 sanae
304 525 429 593 mentis,
460 542 554 606 neque
577 533 674 587 tamen
698 523 786 588 simol
808 524 1011 607 poenitudinis
1034 523 1106 586 dant
1128 523 1253 597 indicis,
1282 522 1338 585 sed
1360 522 1545 585 obstinanter

184 634 214 691 lu
242 630 353 693 scelere
384 650 440 692 suo
474 640 676 710 perseverunt.
722 632 933 696 Puriiormlter
961 648 1022 693 uon
1053 638 1195 694 excusant
1223 627 1388 694 aSuicidii
1419 633 1544 693 crimine

182 734 316 798 studiose
339 736 485 815 ebrietas,
517 741 692 816 passionum
715 738 863 819 impetus,
894 746 923 800 et
945 736 1089 800 indomita
1110 742 1157 800 vis
1179 734 1326 800 sensualis
1348 736 1460 799 amoris
1484 746 1541 800 eto.

39 850 43 875 ¹
180 838 341 903 dommodo
363 845 420 902 rite
442 840 598 922 probatum
622 841 721 913 luerit,
744 841 818 903 baec
840 846 940 923 reipsa
962 840 1149 924 culpabiliter
1174 848 1383 926 praecessisse.

315 953 346 1014 7.
386 948 575 1012 Testimouia
612 947 813 1028 Medicorum,
854 959 883 1011 et
918 949 1124 1031 depositiones
1151 951 1304 1022 lesbum,
1339 955 1371 1012 iu
1410 950 1542 1013 Arubivo
1632 991 1636 1001 ·

182 1053 345 1136 parochiali
377 1054 544 1135 reponenda
573 1065 603 1118 et
631 1055 824 1119 custodienda
847 1075 928 1127 esse,
959 1076 1013 1136 per
1035 1076 1069 1119 se
1091 1055 1286 1138 intelligitur,
1309 1056 1389 1119 iacta
1411 1056 1441 1118 in
1464 1053 1544 1119 libro

182 1160 390 1224 defunctorum
413 1161 450 1224 ad
475 1160 575 1225 sudem
599 1162 775 1226 documenta
796 1164 1022 1244 provocatione,
1053 1184 1104 1227 seu
1127 1164 1208 1234 datu,
1244 1183 1296 1227 seu
1325 1171 1434 1243 negata
1454 1161 1544 1226 inerit

182 1268 337 1349 sepultura
359 1268 574 1334 ecclesiastica.
620 1270 755 1352 Denique

314 1371 346 1437 8.
381 1378 489 1441 Totam
512 1377 591 1440 ritas
613 1384 766 1439 anteactae
780 1382 926 1439 rationem
950 1382 980 1440 in
996 1377 1187 1440 subversanti
1208 1395 1280 1445 casu
1294 1374 1542 1439 considerandam

182 1500 266 1553 esse.
294 1502 349 1562 per
371 1500 405 1544 aa
434 1501 560 1564 pronum
592 1492 657 1561 cst,
686 1503 779 1566 neque
808 1484 845 1546 do
874 1488 931 1559 iis,
963 1489 1030 1566 qui,
1058 1485 1127 1548 dum
1149 1484 1300 1561 viverent,
1323 1482 1416 1546 decre
1437 1501 1542 1563 parum

182 1596 343 1666 curarunt,
367 1587 615 1668 praesumendum
639 1599 695 1667 est,
719 1608 772 1663 eos
796 1592 826 1653 in
843 1588 947 1654 ultimo
962 1609 1062 1654 rerum
1085 1590 1209 1655 articulo
1232 1593 1361 1654 mentem
1383 1593 1414 1651 in
1438 1586 1540 1651 melina

179 1705 388 1771 commutasse,
409 1696 471 1757 uisi
494 1694 626 1777 idipsum
649 1695 818 1759 manifestis
842 1704 979 1759 testatum
1000 1697 1127 1762 reddent
1150 1696 1344 1761 documentis.

315 1797 526 1866 Temesvirini
549 1805 579 1865 in
604 1799 890 1866 commemoratione
914 1802 979 1865 00.
995 1801 1144 1869 Fidelium
1164 1803 1375 1868 Deiuuctmum
1403 1807 1497 1868 isso.

779 1924 1090 2023 Mennim,
1113 1948 1154 1992 m.
1178 1950 1209 2013 p.
1235 1928 1408 2012 Episcopus.

315 2279 419 2361 Rom,
442 2287 496 2347 24.
519 2281 617 2345 Mira.
664 2282 712 2345 Se.
735 2282 903 2366 Heillglreit
925 2285 1083 2368 derPapst
1105 2283 1157 2349 bat
1179 2257 1265 2347 haute
1288 2282 1346 2345 den
1360 2279 1543 2347 Ordinurieu

181 2387 234 2451 des
257 2387 525 2451 osterreiclriscbeu
549 2388 760 2452 Kaiserreicbs
789 2391 881 2453 durcb
912 2393 960 2456 die
982 2392 1202 2474 congregation
1226 2389 1298 2457 tiber
1320 2387 1458 2451 Biscbbio
1482 2385 1542 2448 und
1638 2447 1641 2451 .

182 2493 459 2576 Ordensgcistlicbc
482 2515 556 2559 neue
577 2493 797 2560 instructiones
820 2497 943 2561 betreiis
967 2499 1021 2562 der
1043 2497 1151 2564 Prsxis
1174 2498 1222 2561 liir
1244 2498 1292 2561 dic
1306 2491 1467 2577 riblegung
1489 2492 1544 2554 der

181 2599 434 2683 lllostcrgelilbde
457 2602 611 2685 biinltiger
632 2584 759 2667 Nunnen
783 2605 950 2687 solertigen
973 2605 1083 2673 lassen.
1129 2607 1193 2669 Der
1215 2604 1362 2667 Wortleut
1386 2597 1541 2665 derselben

180 2707 294 2772 entbilt
317 2708 550 2795 nueblolgeudes
574 2707 834 2776 Rundscbreiben:

312 2814 527 2897 ,Perillustris
551 2832 585 2879 sc
601 2817 716 2897 Rvme,
740 2817 858 2882 dominc
881 2820 923 2882 uti
945 2819 1053 2886 irater!
1083 2817 1164 2884 luter
1184 2812 1365 2899 multiplices
1388 2810 1542 2877 sollicitu-

180 2922 274 3003 dines,
298 2923 403 3006 quibus
417 2924 560 2987 SSnrmus
583 2925 622 2987 D.
646 2922 686 2986 N.
711 2922 781 2987 Pius
804 2924 863 2992 PP.
884 2924 934 2989 ix.
965 2926 1096 3009 quotidie
1119 2925 1277 3001 detinetur,
1299 2925 1429 2985 animum
1452 2918 1543 2981 Suum

180 3034 328 3093 convertit
350 3030 389 3092 nd
411 3026 660 3093 Sanctimonislos
683 3030 834 3113 Virgines,
858 3052 930 3115 quae
951 3033 983 3095 iu
1005 3032 1120 3096 ditione
1143 3033 1251 3094 Sacros
1273 3026 1436 3092 Caesareae
1451 3026 1543 3106 Apo-

180 3132 305 3198 stolicue
329 3134 497 3220 blajeststis
520 3136 667 3212 existunt,
690 3146 723 3199 ut
746 3140 869 3220 speciali
892 3140 1080 3221 providentia
1102 3138 1210 3202 iisdem
1234 3132 1410 3199 consuleret.
1444 3131 1542 3195 Pecu·

180 3242 302 3305 lienibus
331 3242 425 3323 igitur
454 3241 600 3306 adductus
622 3263 721 3307 rerum
744 3245 909 3330 adjunctis,
941 3245 1119 3327 Apostolics
1140 3246 1326 3308 Auctoritate
1348 3240 1419 3305 Tibi
1442 3238 1543 3302 iacul-

179 3357 286 3427 tatem‚
314 3348 408 3412 donec
436 3350 524 3412 aliter
552 3348 759 3431 provideatur,
791 3353 897 3416 tribuit
924 3350 1097 3434 indulgendi
1126 3350 1257 3415 Noritiis
1287 3348 1543 3411 Monsstsriorum

114 3528 121 3535 ,
179 3452 453 3520 Sanctimonialium
469 3456 626 3537 Virginem
649 3463 717 3521 tune
732 3458 898 3529 Diomede,
922 3458 1074 3541 inquibus
1097 3467 1168 3521 vote
1190 3454 1335 3521 solemnia
1358 3459 1541 3523 emittuntur,

183 3581 310 3645 quaeque
331 3561 385 3625 sub
409 3563 611 3627 dominatione
625 3563 819 3647 Imperatoris
834 3565 974 3629 Austriso
995 3573 1026 3628 et
1047 3566 1138 3648 Regis
1156 3561 1324 3648 Apostolici
1344 3564 1541 3645 reperiuntur,

182 3678 214 3732 ut
236 3675 392 3751 antequam
415 3679 484 3733 rota
507 3669 654 3734 solemnia
677 3674 740 3736 Deo
763 3681 948 3751 nuncupent,
977 3680 1048 3735 vota
1071 3670 1238 3755 simplicia,
1261 3678 1441 3737 nontamen
1464 3659 1545 3729 ul'tra

179 3773 358 3858 vigesimum
382 3779 514 3860 quintum
537 3775 691 3859 expletum
714 3782 821 3840 aetatis
844 3792 962 3851 annum,
987 3784 1120 3843 emittere
1135 3780 1263 3861 possint.
1306 3775 1434 3858 Insuper
1445 3774 1544 3837 Sauc-

184 3887 255 3947 titus
277 3884 335 3946 Suu
359 3903 547 3968 summopere
569 3889 691 3966 cupiens
714 3883 859 3965 Virgines
874 3885 939 3949 Deo
961 3887 1070 3950 Sacros
1093 3892 1190 3975 magis
1213 3884 1333 3948 indies
1356 3883 1400 3944 ire
1423 3879 1460 3941 de
1474 3882 1544 3941 rir-

180 3999 243 4054 tute
274 3992 305 4054 iu
335 3995 476 4056 virtutem
507 4001 536 4054 et
564 3988 706 4055 aemulari
730 4010 849 4073 semper
872 3990 1049 4059 charismate
1078 3994 1212 4073 meliors,
1234 4011 1285 4056 eas
1307 3987 1452 4072 pastorali
1473 3995 1544 4050 tuna

179 4116 268 4162 curae
296 4098 326 4162 iu
350 4099 483 4163 Domino
507 4099 596 4161 enixe
619 4096 824 4177 commendat,
847 4109 894 4173 ut,
917 4121 973 4184 pro
997 4118 1042 4180 eo,
1066 4120 1123 4184 qno
1145 4100 1265 4183 lagrus,
1287 4094 1443 4177 religionis
1465 4093 1544 4169 selo,

180 4204 378 4268 monasticam
402 4200 592 4287 disciplinam
621 4213 651 4267 et
680 4204 902 4270 observantium
923 4205 1027 4272 sedulo
1050 4226 1238 4291 promoveas.
1284 4205 1368 4270 liaeo
1391 4221 1430 4266 ex
1451 4218 1546 4264 men-

180 4311 250 4376 dato
267 4312 445 4376 Snuctltstis
467 4309 752 4394 Suuodmplitudini
763 4314 845 4377 Tuae
860 4314 1005 4397 significo,
1028 4324 1059 4380 et
1080 4332 1239 4397 prospera,
1260 4331 1295 4376 ac
1317 4312 1415 4377 inusta
1437 4313 1547 4371 cuncta

180 4419 340 4483 aliomino
363 4420 540 4501 adprecor.“
585 4420 694 4482 Datum
717 4420 827 4484 Romae
850 4440 888 4485 cx
912 4422 1003 4485 Sacra
1016 4421 1253 4503 congregatione
1268 4420 1488 4500 Episcoporum
1511 4418 1544 4474 ei

180 4522 374 4606 Regulnrium
406 4527 454 4589 die
489 4532 528 4592 19
551 4526 653 4589 Martii
676 4528 764 4590 Auno
790 4530 883 4601 1857,
930 4528 1163 4592 Addictissimus
1191 4528 1232 4589 uti
1254 4525 1363 4590 Frater
1386 4525 1424 4588 G.
1448 4516 1541 4583 Card.

181 4630 219 4693 de
243 4630 344 4713 (leuga
369 4630 554 4696 Praefectus.
601 4635 638 4701 Α.
662 4631 911 4717 Arcbiepiscopus
929 4632 1097 4718 Pbilippeu.
1119 4624 1314 4698 Sbcreturius.
