3408 5226
207 155 287 234 duo

210 350 309 416 debita
330 350 429 419 torma
451 348 542 415 iatam
563 369 620 433 pro
635 367 786 414 murense
808 348 866 412 rita
886 354 1032 431 nmatito
1054 368 1201 436 nanqusm
1217 352 1478 434 nonantaesamtio
1488 350 1568 438 iaris

208 469 240 522 et
259 455 387 542 dejure
409 455 536 529 militat,
558 455 703 521 adversus
727 474 813 539 qnam
835 452 1038 519 reclamationi
1059 477 1112 521 eeu
1134 461 1303 542 exceptioni
1325 458 1418 523 lectas
1433 469 1494 525 ιιι
1508 468 1566 531 ιιι,
1642 536 1645 547 Ι

209 567 324 631 Omnes
346 565 378 627 iu
401 563 459 627 iaec
482 581 626 625 cauonnm
649 564 828 644 interpretas
853 563 1053 625 consentiunt.

343 671 500 734 Praeterea
521 673 642 734 omnino
666 669 738 733 milri
768 667 930 754 rejiciendo
952 668 1068 734 videtur
1089 671 1206 753 quercla
1229 670 1268 733 da
1289 672 1451 744 sententia,
1480 670 1566 758 oclus

207 797 264 860 ope
292 777 423 840 validum
454 773 632 840 declaratum
655 786 702 840 est
732 776 950 839 matrimonium
974 775 1224 840 clandestinitatis
1246 781 1366 841 nomine
1387 787 1566 847 semaam

208 885 265 948 llbi
295 881 379 946 clara
409 888 492 964 patet
516 881 703 963 legislatoris
724 884 862 954 intentio,
895 880 963 968 ejus
990 883 1019 944 in
1045 879 1112 965 lege
1134 882 1173 945 ad
1191 882 1330 965 singrrlos
1352 902 1440 947 casm
1460 882 1567 967 adpli-

208 988 302 1052 eanda
332 994 410 1053 ratio
441 989 603 1071 diligenter
628 988 764 1052 habenda
791 994 844 1053 est.
890 989 998 1051 Verum
1021 1004 1059 1051 en
1082 988 1243 1070 ipsissimis
1264 980 1385 1055 Patrum
1406 990 1568 1055 Tridenti-

208 1115 312 1160 ιιι-ιιι
336 1093 465 1179 eloquiis
488 1104 620 1167 constet,
652 1093 904 1159 clandestinitatis
930 1093 1171 1175 impedimentum
1198 1098 1368 1159 institutum
1397 1096 1504 1175 luisse,
1534 1108 1570 1162 nt

162 1212 168 1235 ·
209 1202 371 1283 publicatis
394 1202 591 1265 matrimoniis
615 1200 843 1284 praepediantur
855 1205 957 1282 meria
967 1210 1098 1283 peccata,
1122 1221 1194 1283 qaae
1217 1220 1254 1265 ex
1271 1200 1423 1288 conjugiis
1443 1203 1568 1268 elsata-

199 1309 301 1371 ‘stinis
329 1317 428 1372 artum
456 1309 628 1373 habuerant.
673 1307 805 1372 Eundem
835 1311 866 1369 in
898 1307 985 1370 linem
1019 1306 1050 1370 Β.
1075 1306 1240 1371 Concilium
1270 1313 1391 1391 sponsis
1412 1313 1568 1390 proprium

207 1415 370 1497 pamelium
394 1414 521 1478 meandi
543 1417 749 1478 necessitatem
772 1415 931 1497 imposuitc
960 1433 1029 1476 nam
1060 1418 1089 1476 ei
1111 1414 1232 1494 parochi
1254 1412 1456 1498 cujuscunque
1475 1432 1569 1496 preo-

207 1523 304 1587 scntia
325 1521 493 1599 audiuerat,
523 1521 622 1585 aditus
644 1530 761 1604 nataret
786 1523 822 1584 ad
855 1521 915 1601 legi
935 1524 1089 1607 'perquem
1111 1521 1234 1582 salutari
1256 1518 1349 1584 icelle
1370 1518 1566 1586 illudendam.

207 1628 316 1691 larana
339 1626 481 1715 conjugii,
505 1626 580 1710 quod
604 1638 729 1710 propter
746 1625 1016 1691 clandestinitetem
1038 1631 1242 1708 impugnatum
1257 1634 1313 1704 est,
1338 1646 1569 1692 musaacoram

206 1733 320 1799 duabus
342 1754 395 1797 seu
417 1735 513 1798 tribus
534 1734 688 1797 instantiis
711 1737 834 1815 agitata,
858 1741 888 1795 ct
910 1733 1033 1795 duarum
1048 1738 1263 1796 sententiarum
1285 1753 1435 1797 consensu
1455 1737 1489 1796 in
1505 1734 1570 1821 ejas

205 1840 338 1903 favorem
362 1842 483 1904 obtento
508 1840 691 1922 quidcunque
715 1839 751 1902 de
764 1858 868 1902 errore
890 1847 1049 1920 praetenso
1065 1843 1117 1914 sit,
1140 1839 1196 1904 lroc
1218 1849 1318 1904 tamon
1342 1848 1466 1920 ιιιιιιιι,
1491 1842 1570 1923 quod

205 1951 427 2017 matrimonium
450 1948 528 2010 istud
552 1947 700 2010 efficacius
721 1943 902 2027 publicatum
924 1946 1032 2017 luerit,
1057 1966 1142 2028 quam
1166 1944 1255 2010 ullius
1278 1946 1401 2030 pamelii
1421 1966 1576 2030 ριιιιιι·ί

208 2058 250 2116 tia
273 2054 338 2117 lieri
360 2054 501 2135 potnerit
536 2046 651 2116 Idcirco
675 2053 782 2115 merito
804 2048 998 2132 repelluntur,
1021 2057 1069 2134 qui
1092 2050 1242 2137 ejusmodi
1258 2053 1428 2140 conjugium
1443 2053 1571 2117 claudo·

211 2161 357 2223 stinitatis
380 2157 468 2223 titulo
490 2159 619 2223 denuo
610 2180 641 2222 ιι
659 2157 713 2246 jus
735 2177 843 2222 vocare
865 2166 1019 2224 conantur.

340 2264 414 2329 cum
448 2264 582 2348 querele,
610 2267 647 2329 de
677 2285 733 2348 qua
761 2266 892 2349 egimus,
919 2262 993 2326 nihil
1023 2283 1177 2330 commune
1198 2266 1287 2330 luebat
1308 2202 1462 2335 audientia
1481 2284 1572 2343 nora,

208 2390 296 2454 quam
325 2372 403 2435 intra
438 2371 606 2454 quindecim
637 2372 751 2436 dierum
781 2372 909 2452 spatium
940 2372 1098 2452 petendam
1120 2392 1206 2445 csse,
1212 2373 1387 2437 dioecesis
1407 2375 1572 2443 incussu

207 2480 358 2543 raniensis
383 2486 494 2543 statuta
516 2498 594 2541 anno
620 2482 704 2545 1822
733 2478 812 2541 edita
827 2477 1013 2543 decernunt.
1060 2478 1233 2560 Hungariae
1255 2480 1348 2561 leges,
1373 2481 1479 2564 qualas
1499 2488 1571 2543 anta

205 2587 338 2650 codieem
362 2584 480 2649 civilem
503 2594 533 2648 et
556 2584 689 2648 ordinem
709 2584 891 2672 judiciorum
910 2589 994 2650 1852
1017 2584 1218 2649 introductum
1233 2596 1335 2666 erant,
1360 2605 1465 2651 caussa
1479 2584 1569 2669 tapso

202 2694 374 2758 laenitatem
404 2692 565 2764 iaciebant,
595 2710 703 2755 novum
733 2690 854 2771 petendi
872 2688 1018 2774 judicium
1042 2692 1098 2769 ita,
1128 2703 1161 2756 at
1182 2712 1283 2757 eoram
1305 2694 1449 2761 tribunall
1471 2703 1569 2774 gesta,

203 2805 274 2884 quin
302 2798 450 2864 nullitatis
478 2800 624 2882 sententia
653 2794 793 2880 perculsa
815 2806 930 2871 assent,
960 2818 1015 2878 pro
1038 2800 1132 2863 irritis
1154 2809 1363 2868 tractarentur.
1405 2798 1572 2881 ungutam

201 2907 259 2971 lico
281 2916 311 2969 et
335 2909 475 2986 omnium,
497 2913 637 2989 quantem
660 2924 716 2987 ego
739 2907 833 2968 sciam
856 2908 987 2985 gentium
1003 2907 1119 2986 legibus
1133 2913 1285 2989 ignotum3
1305 2907 1358 2995 jus
1380 2926 1453 2971 vero
1468 2924 1571 2970 cana-

203 3018 303 3077 nienm
325 3016 443 3096 penitus
465 3013 560 3076 nescit
588 3010 739 3097 ejusmodi
761 3010 947 3083 institutum,
979 3014 1057 3095 quod
1080 3023 1220 3096 quantum
1242 3015 1361 3079 diderat
1382 3033 1399 3075 a
1422 3032 1571 3096 procem

203 3120 240 3186 da
261 3124 427 3186 sentcntiae
449 3119 637 3183 revocatione
660 3115 840 3180 instituendo
855 3116 894 3180 'in
916 3118 1019 3200 patulo
1042 3131 1098 3184 est.
1136 3120 1222 3184 Nova
1243 3123 1393 3187 audientia
1413 3121 1571 3203 privatum

203 3235 234 3292 ia
264 3229 451 3293 commodum
482 3224 594 3309 partis,
625 3222 673 3286 cui
702 3223 850 3287 sententia
877 3225 1041 3306 displicuit,
1071 3228 1242 3293 introducta
1269 3227 1343 3303 icit,
1369 3231 1462 3291 stiam
1492 3237 1572 3310 post

203 3340 319 3417 primes
343 3338 503 3399 instantiae
526 3331 704 3395 sententiam
726 3335 788 3413 peti
811 3333 909 3412 potuit
931 3342 960 3395 et
989 3353 1007 3396 a
1029 3333 1131 3419 judice
1153 3337 1249 3416 prima
1271 3336 1375 3403 saltem
1397 3333 1463 3398 vice
1486 3353 1572 3398 con·-

192 3444 269 3507 ·cedi
296 3443 407 3506 debuit.
454 3442 493 3505 [lt
522 3458 623 3503 errore
654 3443 776 3520 cognito
802 3447 979 3503 ratractetur
1008 3443 1157 3506 sententia
1188 3442 1226 3506 de
1252 3441 1434 3505 matrimonii
1463 3442 1572 3506 valore

202 3548 264 3613 lata
293 3569 422 3613 canonos
452 3549 491 3611 ad
519 3545 634 3611 selvam
664 3545 873 3626 praestandum
897 3547 953 3609 Dei
984 3556 1015 3610 et
1037 3547 1192 3612 licalesiae
1222 3550 1319 3630 legem
1350 3556 1380 3613 et
1403 3559 1573 3630 uocantum

205 3655 394 3720 avertendam
409 3656 611 3738 praecipiunt:
634 3651 712 3715 unda
728 3650 825 3737 J'udex
848 3655 938 3716 etiem
953 3673 991 3717 ex
1008 3655 1106 3720 oltieio
1120 3656 1158 3719 ed
1171 3675 1308 3719 caussam
1323 3656 1574 3738 perennandum

203 3782 237 3825 se
268 3762 404 3844 accinget
432 3773 561 3845 oportet
607 3757 766 3844 Querulum
798 3766 963 3825 sententiaa
993 3764 1125 3827 adorem
1152 3772 1380 3827 concernentem
1412 3746 1472 3827 ιιι
1503 3768 1575 3827 nisi

203 3878 273 3952 post
296 3871 479 3934 delinitivem
501 3878 615 3936 moveri
638 3893 738 3953 posse,
762 3881 832 3957 ipsa
853 3876 898 3937 rei
921 3881 1026 3936 natura
1045 3870 1147 3933 docet.
1191 3871 1226 3933 si
1244 3868 1343 3957 judici
1352 3870 1577 3935 tondant-ac

201 3977 348 4058 rideatur,
370 3998 435 4041 eam
457 3977 582 4064 rejicere
605 3990 732 4045 tenetur.
779 3979 952 4060 Hungariae
974 3988 1004 4041 et
1027 3977 1188 4055 ditionum,
1211 3996 1283 4060 quae
1301 3977 1374 4064 June
1388 3976 1576 4059 {longeriae

202 4088 368 4162 nubantur,
390 4088 540 4151 antistites
563 4089 734 4165 censebant,
752 4087 833 4174 juris
858 4084 955 4149 civilis
970 4086 1107 4165 exemplo
1130 4083 1241 4168 aliquid
1259 4083 1471 4165 indulgendum
1485 4102 1576 4160 eust,

202 4204 231 4256 ct
254 4214 330 4259 nova
353 4194 501 4257 audientia
524 4195 561 4257 ad
584 4195 682 4258 lorum
705 4193 938 4256 ecclesiasticum
962 4194 1107 4255 translata
1130 4202 1193 4266 estc
1231 4191 1434 4254 moderamine
1464 4200 1577 4259 tame·

202 4300 300 4384 aliquo
323 4300 474 4364 adhibite:
503 4321 570 4364 nam
590 4299 681 4386 juxta
703 4298 785 4381 leges
809 4301 911 4363 civiles
934 4298 997 4377 bis,
1032 4304 1091 4361 ima
1114 4309 1160 4361 tor
1181 4308 1211 4361 et
1235 4306 1339 4378 quater
1360 4303 1422 4379 poti
1445 4308 1580 4381 poterat

202 4412 244 4473 ita
266 4418 298 4471 ut
321 4405 424 4471 nullus
445 4418 527 4471 esset
549 4406 744 4470 texendarum
770 4403 865 4470 litium
890 4409 969 4470 linis.
1015 4401 1114 4485 Quium
1146 4412 1244 4466 arrum
1280 4400 1381 4485 logum
1403 4405 1578 4475 hodiedum

201 4500 364 4596 rigentium
388 4515 529 4579 beneficia
551 4532 712 4596 processus
735 4511 833 4576 civilis
855 4523 938 4577 tanto
961 4511 1112 4598 justitiam
1135 4508 1306 4574 vindicandi
1329 4510 1482 4576 obsttcalc
1507 4532 1580 4580 ex·-

202 4620 321 4701 peditus
352 4622 410 4698 sit,
449 4641 509 4684 non
540 4630 603 4694 est,
638 4641 691 4683 cur
719 4624 751 4683 in
778 4621 903 4707 judiciis
932 4620 1145 4682 ecclesiasticis
1167 4622 1332 4681 retineatur
1353 4622 1534 4685 rasutnmm
1558 4644 1579 4687 ι

204 4725 365 4787 omeaitm
392 4726 520 4791 alienum
550 4736 580 4791 et
610 4727 648 4789 ad
677 4725 747 4791 lites
777 4725 1014 4808 multiplicandas
1040 4721 1251 4806 moliminaque
1279 4724 1407 4789 subdole
1433 4726 1582 4803 larunda

202 4829 339 4908 opprime
359 4833 562 4921 compositam.
609 4832 828 4913 Appellationis
850 4831 1011 4897 remedium
1034 4840 1157 4912 praesta
1178 4840 1240 4907 eata
1263 4835 1443 4897 sententiam
1463 4832 1582 4903 nulli-

205 4933 277 4995 tstis
295 4949 438 4997 mamare
460 4937 547 5016 linet,
568 4943 596 5001 si
617 4947 689 5019 post
709 4940 907 5022 qualecunque
922 4945 1038 5018 tcmptu
1057 4941 1227 5019 innotuerit,
1250 4958 1313 5005 eam
1330 4956 1398 5005 cum
1410 4939 1583 5015 Mutus
1666 4974 1667 4979 ¹
