3432 5230
233 116 312 195 bbb

229 310 313 378 nes
343 308 492 394 inopine
510 305 553 373 Vl
581 304 651 371 idus
670 306 850 389 septenbris
871 316 931 388 pre
954 301 1069 371 sobolis
1091 302 1329 389 philosophicis,
1357 304 1587 388 'ibaeiegifflet

228 415 387 501 legalibus,
410 432 481 479 aare
500 434 558 496 pro
573 411 642 478 aliis
666 413 805 477 omnibus
827 411 952 479 sobolis¹
965 412 1084 475 intua
1104 410 1275 479 aconiti
1288 411 1435 481 kalendas
1448 412 1586 479 osum

364 522 509 590 Omnibus
532 525 604 584 enai
626 521 803 585 sebuiastiei
826 521 930 584 diebm
951 517 1113 599 daaabbur,
1136 519 1272 601 sumptis
1294 519 1400 585 diebns
1424 519 1587 587 dominicis

232 639 265 696 et
283 628 353 695 diis
375 628 469 693 cultri
491 628 593 693 divim
616 640 655 692 ex
678 635 837 709 praecepto
860 625 984 697 dicatis,
1008 624 1115 708 milam
1133 623 1255 693 schulsa
1276 626 1433 691 vambunt.

361 738 404 800 lte
442 734 587 799 tardant
625 733 673 797 dle
704 733 806 820 jovis,
843 752 910 797 eum
946 741 1044 796 nmen
1077 737 1181 815 quinta
1216 732 1305 797 leode
1343 734 1516 799 neoesserle
1552 731 1591 796 s't

235 843 401 909 adimenda·
722 913 728 925 ‚

364 952 477 1014 Vacent
498 951 612 1030 pariter
635 948 683 1010 die
706 945 911 1009 anniversario
935 946 1139 1010 coronationis
1166 945 1279 1017 Summi
1301 944 1467 1009 Pontificis.

362 1057 395 1120 lu
418 1055 592 1121 kalendario
615 1063 713 1117 annas
728 1053 891 1117 cardimi‘s
907 1053 1011 1115 simii
1028 1050 1117 1136 m
1130 1056 1289 1136 quotannis
1310 1046 1429 1134 publice
1443 1049 1593 1132 eligendo

231 1166 444 1249 prestabatur
465 1163 517 1227 aiii
540 1161 614 1243 dies,
638 1162 745 1244 quibus
768 1160 890 1227 scbolae
912 1158 1068 1225 vacabunt.
1310 1202 1313 1207 ·
1426 1236 1431 1243 ⁵

360 1270 395 1335 lu
418 1268 532 1337 sobolis
555 1263 780 1350 philosophiae,
802 1286 906 1331 saerae
920 1265 1103 1348 theologiae,
1124 1274 1154 1329 et
1163 1262 1425 1351 jurisprudentiae
1439 1264 1595 1331 docebitur

232 1378 284 1444 illo
307 1380 447 1443 bererum
471 1377 580 1458 spatio,
604 1375 683 1458 quod
705 1394 723 1435 a
745 1375 833 1436 nobis
856 1381 903 1437 est
925 1373 1129 1441 coustitutum·

360 1482 394 1548 ln
426 1483 593 1549 rhetoricae
623 1490 653 1544 et
683 1480 858 1544 interiorum
888 1476 1030 1547 classium
1054 1479 1169 1545 subolis
1189 1478 1346 1545 docebitur
1367 1498 1422 1563 per
1444 1472 1521 1543 duas
1544 1479 1598 1543 in-

232 1600 333 1673 tegras
356 1590 446 1653 boras
470 1606 536 1652 eum
559 1587 683 1653 dimidio
707 1595 765 1651 bus
789 1595 857 1651 ante
880 1606 964 1670 quam
988 1596 1060 1668 post
1080 1586 1247 1653 meridiem.

362 1697 448 1759 Hane
476 1693 640 1761 studiorum
667 1694 813 1758 rationem
841 1713 859 1755 a
888 1694 977 1757 uobis
999 1694 1215 1776 praescriptam
1237 1699 1383 1775 perpetuo
1403 1690 1522 1756 serrari
1540 1692 1599 1779 ju-

229 1805 344 1871 bemus
390 1803 474 1869 Haec
496 1801 642 1875 volumus,
664 1801 871 1882 praecipimus,
896 1804 1067 1885 statuinaus,
1089 1808 1175 1882 atque
1190 1799 1378 1879 mandemus,
1399 1799 1598 1867 decernentes

228 1911 284 1975 bas
307 1918 480 1993 praesentes
503 1908 631 1985 litteras,
655 1917 684 1971 et
706 1912 737 1969 in
762 1912 806 1970 eis
830 1915 970 1970 contenta
993 1926 1192 1992 questumque
1212 1926 1333 1990 semper
1355 1906 1459 1981 braim
1491 1905 1602 1975 aalide

230 2026 259 2083 et
281 2015 412 2083 dicacis
434 2014 569 2081 existere
588 2022 621 2077 et
642 2014 727 2088 iore,
752 2033 882 2095 suesque
904 2013 1059 2094 plenarios
1082 2022 1112 2077 et
1133 2019 1269 2098 integros
1293 2016 1412 2081 eiiectus
1435 2012 1550 2078 sortiri
1571 2024 1603 2079 et

230 2125 382 2203 obtinere,
404 2139 440 2189 aa
461 2119 541 2200 illis,
564 2121 601 2187 ad
625 2140 700 2204 quos
723 2128 854 2203 spectat,
885 2128 919 2183 et
937 2140 993 2203 pro
1015 2128 1151 2203 tempere
1174 2121 1414 2206 quandocunque
1437 2122 1604 2203 spectabit,

229 2232 260 2294 in
293 2230 431 2295 omnibus
462 2238 491 2293 et
520 2250 575 2310 par
603 2234 701 2295 omnia
724 2227 901 2310 plenissima
922 2228 1095 2311 suffragari,
1122 2239 1153 2292 et
1174 2231 1212 2295 ab
1234 2233 1281 2295 eis
1302 2232 1469 2311 respective
1491 2236 1527 2291 et
1549 2233 1604 2295 in·

184 2414 187 2419 ,
233 2335 414 2407 ‚violabiliter
434 2337 604 2413 observaric
625 2340 727 2417 sicque
749 2344 780 2401 et
801 2354 862 2398 non
885 2335 974 2398 aliter
995 2335 1220 2419 inpraemissis
1240 2355 1296 2416 per
1318 2354 1523 2419 quoscunque
1542 2333 1605 2422 ju-

234 2446 317 2510 dices
341 2444 512 2508 ordinarios
535 2452 563 2506 et
586 2441 750 2525 delegatos,
769 2443 858 2509 etiam
882 2461 1038 2509 causarum
1059 2443 1164 2526 palatii
1186 2440 1346 2524 apostolici
1367 2442 1544 2523 auditores,
1568 2463 1607 2507 ac

230 2554 261 2625 8.
286 2552 323 2620 R.
343 2552 379 2621 ie
405 2549 574 2619 weladeo
596 2550 685 2623 etiam
709 2550 747 2615 de
765 2552 861 2617 ,latere
883 2548 1017 2632 legatos¹
1044 2560 1076 2617 et
1097 2547 1280 2633 apostolicae
1302 2550 1386 2615 sedis
1406 2551 1551 2625 semeias.
1578 2560 1609 2615 et

230 2660 353 2743 quosvis
373 2657 452 2725 alios
478 2674 657 2740 quacumque
679 2658 826 2738 dignitate
846 2666 876 2720 et
889 2664 1040 2739 potestate
1062 2656 1234 2738 ingenia,
1256 2655 1375 2723 sublata
1391 2658 1436 2721 eis
1451 2665 1483 2721 et
1496 2676 1607 2723 eom

229 2764 350 2830 cuilibet
373 2765 477 2849 quavis
498 2765 586 2826 aliter
611 2763 768 2849 judicandi
790 2773 820 2826 et
842 2762 1068 2845 interpretandi
1081 2762 1224 2833 lacultne
1246 2773 1276 2828 et
1298 2763 1487 2837 auctoritate,
1509 2762 1606 2850 judl-

229 2875 292 2936 cari
323 2880 352 2936 et
385 2871 502 2935 deliniri
529 2870 656 2947 debere3
687 2889 722 2932 ac
753 2869 872 2933 irritum
903 2879 931 2933 et
961 2870 1049 2933 inane
1069 2870 1096 2932 si
1118 2889 1206 2935 secus
1227 2890 1317 2953 super
1338 2871 1386 2935 bis
1410 2892 1428 2934 a
1451 2891 1607 2956 quoquam

231 2979 335 3063 quavis
360 2983 535 3042 auctoritate
557 2981 691 3040 scienter
710 2976 758 3041 val
785 2981 957 3058 ignoranter
978 2978 1138 3058 eossgerit
1159 2980 1309 3041 mentiri.

192 3134 199 3157 s
364 3087 435 3151 Non
459 3085 659 3158 obstantibus,
683 3087 800 3167 quoties
820 3104 898 3166 opus
920 3085 1020 3165 inerit,
1044 3082 1220 3167 apostolicis
1242 3104 1305 3148 rec.
1330 3104 1388 3151 me·
1412 3085 1534 3151 honis
1550 3087 1609 3153 xli

230 3192 477 3276 praedecessoris
506 3198 605 3255 nostri
630 3194 743 3259 litteris
775 3196 880 3274 quinto
907 3192 1051 3261 kalendas
1083 3195 1265 3274 septembris
1302 3213 1378 3257 enno
1416 3198 1504 3263 1824
1548 3195 1609 3259 snb

228 3301 351 3383 plumbo
381 3299 478 3378 datis,
506 3297 628 3383 qualum
658 3301 776 3362 initium
806 3294 915 3378 „Quod
947 3298 1053 3373 divim,
1074 3304 1245 3396 sepientiatt
1279 3301 1405 3383 aliisque
1432 3302 1610 3383 praedietis

230 3407 367 3494 ejusdem
391 3407 504 3473 Leonis
518 3406 571 3473 xli
594 3406 764 3471 decesseris
787 3410 883 3473 nostri
897 3404 1074 3487 ,apostolicis
1096 3405 1208 3487 littaris
1230 3409 1338 3471 munio
1353 3410 1521 3488 pbcawris
1544 3411 1612 3474 ob-

228 3516 356 3597 signatis
388 3534 423 3579 ac
454 3514 503 3580 die
532 3516 560 3603 ⁹:
583 3511 692 3596 aprilis
722 3513 827 3579 eodem
848 3533 927 3579 auno
950 3517 1080 3591 „182.4“
1104 3514 1211 3595 editis,
1244 3535 1317 3597 quaa
1340 3513 1490 3596 incipiunt
1514 3516 1612 3594 „iae-

229 3624 380 3691 uolentes·
403 3640 458 3687 nec
480 3643 539 3687 non
562 3621 601 3685 de
610 3621 680 3707 jure
695 3623 827 3705 quaesito
843 3642 903 3685 non
918 3618 1062 3700 tollendo,
1085 3622 1210 3705 aliisque
1225 3626 1382 3697 nostriset
1398 3624 1613 3689 cancellariae

229 3728 412 3812 apostolicae
435 3732 557 3812 regulis,
581 3737 611 3793 et
633 3726 705 3795 aliis
727 3731 890 3812 quibusque
917 3726 1175 3795 canditatiooibus
1197 3738 1227 3793 et
1249 3727 1490 3799 ordinationibus
1516 3751 1611 3814 apo-

229 3837 346 3905 stolicis
376 3843 417 3903 in.
439 3836 633 3903 cauterium
652 3842 888 3918 praemissorum
912 3836 1133 3920 quomodolibet
1155 3838 1327 3915 comessis,
1358 3838 1551 3907 commatis
1579 3854 1615 3904 et

228 3946 386 4017 imovetis,
411 3945 498 4008 etiam
522 3939 647 4025 speciali
669 3954 699 4011 et
721 3944 876 4009 individua
896 3943 1046 4007 naentbne
1068 3963 1104 4007 ee
1126 3944 1320 4026 derogatione
1336 3943 1450 4027 dignis.
1474 3939 1617 4024 Quibus
1657 4006 1658 4049 ,

228 4053 366 4121 omnibus
395 4061 424 4114 et
454 4048 606 4134 siugulis,
632 4049 753 4115 iliorum
785 4061 900 4117 tenores
931 4053 1138 4132 praesentibus
1169 4072 1226 4134 pro
1248 4053 1335 4134 pleae
1358 4059 1389 4115 at
1411 4052 1619 4121 suffimen

228 4157 392 4243 expressis,
415 4176 450 4219 ac
474 4157 511 4220 de
534 4159 625 4221 verbo
648 4157 830 4220 adverbum
853 4159 984 4223 insertis¹
999 4158 1148 4233 babentes,
1164 4157 1240 4225 ¹illis
1261 4160 1339 4223 alias
1361 4159 1462 4225 iasuo
1485 4161 1620 4229 robora

228 4266 448 4348 pumansuris.
477 4263 518 4329 ad
547 4267 783 4347 praemissorum
812 4265 948 4329 effectum
978 4264 1133 4331 dummat
1163 4267 1324 4344 iatbsiass,
1355 4264 1539 4346 plenissime
1576 4291 1619 4333 ae

227 4371 402 4455 pasalan
423 4380 454 4434 et
475 4390 622 4453 expresse
645 4370 836 4451 derogamus,
860 4374 1023 4453 caterisque
1046 4375 1207 4439 aaronita
1230 4373 1471 4457 quibuscumque.

362 4478 472 4543 Datum
493 4479 607 4549 Musae
636 4477 714 4557 apud
737 4477 876 4543 &natam
898 4477 1025 4543 Μιτὶεπι
1047 4477 1191 4565 Majorem
1211 4482 1275 4547 =sub
1296 4481 1408 4561 unuio
1429 4485 1619 4564 pisum

231 4583 280 4645 die
302 4584 343 4648 111
365 4587 496 4649 octobris
518 4605 596 4649 anuo
620 4581 826 4649 uoccculi
848 4585 1035 4665 pontificatus
1062 4592 1157 4649 nostri
1180 4607 1259 4651 anno
1281 4596 1397 4652 convo.

1024 4724 1065 4787 Α.
1079 4718 1180 4797 cord.
1206 4724 1454 4797 Lomimciiet.

803 4954 1015 4971 ndu—unuh·-

802 4972 1015 4989 Q
