3346 5216
903 273 1026 354 caro.

432 377 623 463 dijudicium
637 376 856 444 matrimoniale
875 376 1029 461 sponsalia
1053 379 1138 440 irrita
1154 394 1223 439 essa
1245 382 1376 453 censeat,
1396 376 1568 441 sesmaria

366 469 521 552 disponat,
544 478 577 533 ut
597 468 783 534 matrimonii
804 466 964 531 celebratio
987 468 1112 529 ulterius
1132 464 1211 528 baud
1235 463 1410 528 retardetur.
1467 463 1488 519 Ἀ

903 682 933 763 ς.
961 683 1034 749 ιιι.

433 789 590 853 Declarata
613 788 796 871 sponsalium
818 787 971 852 validitate
996 785 1142 871 judiciam
1165 783 1381 875 matrimoniale
1404 804 1460 869 per
1482 802 1570 873 coru-¹

366 880 537 943 missorium
566 880 708 953 tentabit,
738 890 841 961 partes
868 877 905 941 ad
934 879 1058 940 amicam
1092 896 1279 940 commovere
1309 880 1573 957 compositionem.

368 967 476 1032 Damni
504 971 776 1051 compensationem
805 968 885 1051 quod
911 968 1030 1038 attinet,
1062 966 1093 1028 id
1123 976 1245 1047 agetur,
1274 974 1306 1030 ut
1337 971 1569 1031 conventionem

366 1058 467 1139 aequis
495 1057 551 1120 sub
574 1056 796 1122 conditionibus
818 1056 1010 1138 stipulentur.
1063 1056 1162 1136 Super
1184 1055 1328 1137 petitione
1351 1058 1438 1118 auius
1461 1052 1570 1119 saltem
1625 1052 1629 1057 ’

366 1148 463 1227 pertis
492 1148 619 1229 pecunia
645 1166 760 1231 quoque
790 1149 1043 1227 compensationis
1070 1145 1138 1208 loco
1169 1142 1312 1209 solvenda
1340 1146 1432 1209 statui
1458 1151 1571 1228 potest.

368 1230 495 1314 Quando
521 1236 615 1299 actori
646 1256 704 1300 uon
734 1237 879 1315 sufficiat,
912 1233 1039 1299 liberum
1071 1234 1190 1316 quidem
1221 1234 1280 1316 ipsi
1305 1242 1366 1313 est,
1398 1233 1436 1298 de
1467 1233 1571 1297 damni

369 1330 609 1406 compensatione
634 1323 781 1410 judicium
811 1323 964 1390 maculare
986 1320 1196 1406 interpellare,
1225 1342 1328 1387 verum
1350 1320 1574 1388 reclamationis

367 1412 406 1481 ab
428 1434 464 1478 eo
487 1415 677 1479 matrimonio
700 1416 855 1498 oppositae
875 1418 955 1479 ratio
975 1432 1040 1479 non
1061 1410 1192 1494 amplius
1213 1412 1366 1479 habeatur.

904 1796 934 1865 1·
959 1794 1033 1857 112.

335 1948 340 1959 ,
437 1893 564 1974 Quando
588 1895 743 1958 conventio
766 1892 804 1958 de
826 1895 988 1960 resiliendo
1010 1917 1029 1959 a
1049 1892 1242 1977 sponsalibus
1264 1890 1312 1957 rei
1334 1912 1456 1977 aequam
1481 1911 1570 1956 com-

371 1987 577 2066 pensationem
605 1983 785 2065 praestando
816 1985 945 2050 obtineri
973 2003 1033 2047 uon
1063 1992 1183 2067 posset,
1211 1988 1396 2064 nuptiarum,
1425 1981 1572 2048 adversus

350 2093 444 2156 ¹quas
476 2071 650 2137 reclamatio
678 2075 818 2137 institute
848 2084 908 2149 est,
941 2071 1170 2139 celebrationem
1198 2073 1355 2137 admittere
1382 2092 1439 2154 pro
1461 2070 1576 2135 minori

370 2161 492 2226 deberet
514 2163 647 2245 reputari
668 2160 759 2227 mala

906 2290 934 2370 a
962 2294 1034 2356 rra

211 2395 361 2461 meets*
440 2389 559 2473 Quam
581 2412 738 2475 personae,
769 2410 844 2477 quae
870 2399 1061 2459 matrimonio
1082 2416 1118 2459 so
1135 2393 1258 2481 junctas
1285 2413 1352 2459 csse
1377 2391 1457 2459 iaiso
1479 2412 1575 2476 prae-

211 2470 297 2589 m·
310 2469 507 2588 01{1¹tanduui,
529 2484 712 2548 ordinarium
735 2482 772 2547 ad
787 2484 1009 2549 matrimonium
1024 2484 1256 2549 contrabendum
1269 2489 1349 2549 viam
1371 2480 1489 2566 ingredi
1511 2503 1576 2551 nou

212 2608 355 2672 mmm
371 2574 510 2655 possint,
541 2573 613 2654 quin
635 2571 696 2637 sibi
716 2582 768 2637 aut
789 2571 894 2637 liberis
916 2574 981 2637 suis
1004 2574 1109 2655 gravia
1130 2581 1273 2656 maerent
1296 2573 1412 2654 damna,
1435 2593 1499 2637 mm
1522 2582 1578 2640 rat

212 2661 434 2747 eammqmipsi
455 2672 506 2726 aut
526 2681 582 2744 per
604 2672 769 2726 curatorem
790 2661 955 2728 animarm
981 2663 1020 2728 ad
1047 2663 1205 2727 tribunalis
1227 2663 1458 2731 matrimonialis
1479 2682 1576 2745 praa·

222 2752 471 2815 amima-siden
496 2750 616 2815 deferre
644 2760 790 2833 possunt,
823 2750 873 2834 qui
895 2756 1142 2835 investigationes
1162 2753 1202 2817 ad
1223 2754 1348 2817 abusum
1371 2772 1489 2818 omnem
1511 2771 1573 2818 ex*

239 2827 345 2957 m
373 2840 552 2904 cludendum
581 2842 766 2906 necessarias
794 2839 916 2906 babebit
944 2844 996 2905 aut
1021 2841 1126 2906 baberi
1153 2844 1280 2906 curabit.
1332 2844 1380 2907 Da
1410 2838 1514 2925 regula
1541 2844 1576 2907 in

212 2979 272 3017 ω,
293 2966 361 3018 5⁸1„
374 2935 495 3012 negotio
511 2930 669 2994 meando
692 2930 766 2994 duca
788 2931 947 2997 tribunalis
962 2931 1153 2995 consiliarios
1168 2931 1310 2998 adbibere
1329 2931 1432 3010 debetr
1455 2930 1575 3014 amuda

230 3044 358 3102 praeten-
372 3030 471 3084 autem
500 3021 660 3101 menimis
694 3040 797 3085 rerum
826 3018 968 3107 adjuncta
1000 3021 1222 3085 strictissimum
1252 3024 1379 3103 exigant
1413 3030 1574 3099 maetam,

257 3111 329 3161 dunt
372 3107 541 3193 Episcopus
564 3115 592 3173 ei
614 3109 786 3191 permittere
807 3118 919 3192 potest,
942 3120 975 3174 ut
996 3110 1080 3175 scius
1099 3129 1163 3174 rem
1185 3118 1359 3193 pertractet.

213 3427 256 3480 111.
285 3426 373 3480 ttniii·
440 3424 591 3509 Eaciesia,
630 3438 731 3511 utpote
760 3430 830 3495 fidei
859 3447 893 3494 ac
909 3328 1044 3493 ⁸mdriulia
1075 3437 1188 3509 custos,
1225 3427 1411 3494 matrimonii
1436 3426 1578 3509 invigilat

84 3518 93 3545 ³
212 3500 527 3624 mlr⁸¹fff⁰¹⁸·sanctitsati
549 3537 583 3581 aa
605 3517 724 3583 rinequ
746 3517 961 3584 indissolubili.
1007 3513 1125 3597 Quodsi
1145 3516 1308 3583 catholicus
1330 3520 1419 3582 bomo
1441 3515 1577 3580 in'con-

308 3584 332 3625 ⁰·
369 3603 529 3691 junctione
550 3609 645 3682 vivat,
670 3626 754 3691 quae,
776 3627 842 3673 curu
862 3608 1108 3692 impedimentum
1129 3606 1272 3673 dirimens
1289 3612 1316 3672 ei
1335 3608 1441 3680 obstet,
1463 3610 1579 3669 matri-

240 3714 246 3719 ·
373 3700 466 3758 monii
488 3714 595 3760 nomen
617 3716 773 3780 perperam
796 3707 936 3780 usurpet,
959 3703 1025 3779 ipsa
1046 3696 1085 3761 ad
1107 3702 1172 3761 veri
1193 3699 1377 3761 matrimonii
1398 3695 1578 3777 dignitatem

270 3798 273 3803 '
373 3783 480 3849 elevari
504 3796 571 3865 aut,
602 3786 773 3869 quandoid
795 3787 858 3851 ieri
880 3795 1023 3870 nequeat,
1051 3786 1185 3850 invalida
1206 3786 1395 3869 pronuntiari
1415 3803 1452 3849 ac
1472 3784 1580 3853 dirimi

374 3872 472 3939 debet.
519 3876 657 3939 Vicissim
686 3873 897 3941 indissolubile
925 3878 1108 3940 matrimonii
1135 3876 1285 3941 einardum
1315 3873 1458 3941 adversus
1488 3892 1580 3949 amur

374 3968 471 4047 ipsum
494 3964 551 4028 sub
573 3965 769 4031 invaliditatis
799 3975 959 4049 praetextu
990 3964 1152 4032 dirimendi
1175 3984 1317 4032 conamen
1339 3982 1447 4048 magua
1468 3967 1580 4046 vigore

373 4055 561 4119 manuteneri
583 4053 681 4124 debet.

909 4360 939 4443 §·
967 4366 1040 4429 115.

227 4462 365 4516 latrina·
444 4464 667 4530 Matrimonium
697 4465 890 4550 impugnandi
916 4465 986 4552 jus,
1010 4471 1055 4547 ⁸iu
1085 4475 1225 4550 quantum
1254 4468 1332 4543 baud
1362 4486 1508 4550 expresse
1536 4468 1581 4531 ad

217 4537 952 4708 1111ῗῖ11311ἰῖιῖἑῗὶῗὲξιιᾚῖῖῖἒι
966 4553 1111 4708 ilii
1128 4556 1400 4710 silllti¹⁰l⁸³⁸
1416 4557 1582 4709 ilai-¹
1635 4620 1636 4635 i

229 4677 506 4794 aemulo’monium
529 4731 760 4796 conuabeudum
777 4664 847 4796 esde
869 4735 1012 4797 sciverint
1028 4666 1068 4795 lde
1084 4665 1580 4815 proclamatidueqamdnddilommodo

377 4818 530 4883 instinctas
552 4829 660 4895 emeat.
683 4821 929 4905 impedimentum
948 4822 1061 4906 absque
1084 4820 1219 4904 legitima
1237 4825 1432 4890 examadone
1452 4822 1580 4889 silentio
1634 4896 1635 4913 1

376 4908 555 4988 presserint.
