3432 5230
228 138 309 223 fid

224 343 254 400 et
276 335 405 401 utilitate
424 331 658 417 pertentarent,
681 331 907 415 ampliimrmrt,
927 338 1021 413 etque
1043 330 1082 395 ch
1103 326 1224 395 interitu
1244 337 1276 395 et
1297 326 1452 395 erroribm
1473 326 1602 393 nui-

224 450 337 507 earunt.
381 443 427 507 hc
448 460 536 507 namo
556 445 684 523 ignorat,
707 442 754 507 vel
776 444 915 522 ignorare
937 447 1044 520 potest
1069 442 1156 518 ipsos
1176 433 1393 503 mdestestieos
1413 439 1500 501 uires
1525 436 1599 499 rite

223 550 395 626 institutos,
417 567 452 612 ao
474 549 595 630 pietatis
616 556 646 610 et
667 547 818 611 doctrinae
840 545 927 609 laude
949 546 1138 625 praestantes
1161 547 1225 606 sois
1247 542 1391 617 mian,
1404 540 1596 623 gloriosis-

223 675 278 737 que
300 653 453 719 laboribus
482 654 558 717 nihil
580 640 705 735 unquam
734 655 910 716 intentatum
933 653 1099 733 reliquisse,
1127 660 1158 714 ut
1180 648 1363 733 ignorantiae
1386 658 1416 713 et
1438 650 1592 711 vitiorum

224 763 360 825 tenebras
386 762 589 844 profligarent,
614 780 746 824 errorum
770 760 926 840 caliginem
948 755 1151 839 depellerent,
1172 766 1259 838 etque
1282 757 1431 819 hominum
1455 766 1594 831 mentes,

223 873 395 950 animosque
418 867 596 933 serenissima
618 872 753 929 veritatis
779 862 844 928 luce
868 863 1089 937 collustrerent‚
1112 880 1226 946 eosque
1237 864 1438 943 saluberrimis
1461 861 1592 925 divinae
1683 884 1684 941 j

223 983 343 1038 nostroe
358 976 513 1056 religionis
528 978 696 1065 praeceptis
712 973 887 1041 imbuerent.
911 982 997 1054 atque
1012 971 1049 1033 nd
1065 976 1213 1052 pietatem,
1233 968 1419 1052 religionem,
1441 989 1590 1032 omnem·

223 1103 278 1165 que
301 1088 450 1153 virtutem,
472 1082 666 1153 honestatem,
691 1089 720 1144 et
742 1079 952 1143 humanitatem
976 1079 1182 1141 informarent.

354 1296 423 1359 dam
446 1312 516 1357 vero
539 1296 568 1357 si
591 1299 721 1357 mnxirna
743 1278 860 1375 semper
881 1292 1043 1372 vigilantis,
1066 1311 1101 1354 ac
1116 1294 1280 1373 singularis
1304 1294 1390 1389 plene
1406 1290 1587 1356 sollicitudo

222 1404 278 1466 fnit
299 1402 475 1479 adhibendo,
500 1408 532 1463 ut
553 1406 575 1463 ii
591 1420 700 1473 omncs,
725 1405 821 1483 quiin
838 1406 945 1463 cestris
964 1400 1082 1463 Domini
1098 1399 1225 1464 militare
1241 1404 1371 1481 eupiunt,
1394 1400 1443 1481 pie
1456 1409 1587 1481 sancte-

59 1490 63 1505 ’
137 1570 140 1585 ‚
223 1526 277 1592 qne
291 1510 496 1585 edocerentur,
519 1517 549 1571 et
564 1510 687 1589 optimis
709 1509 896 1571 erudirentur
916 1507 1091 1589 disciplinis,
1115 1512 1262 1569 neminem
1283 1516 1362 1569 corte
1376 1508 1459 1581 iatot,
1482 1497 1588 1589 quan·-

223 1626 328 1697 topere
350 1614 544 1692 christianae,
572 1615 725 1697 civilisque
750 1613 932 1697 reipublicae
960 1615 1096 1693 intersit,
1127 1625 1186 1676 tam
1216 1612 1345 1675 solutore
1373 1632 1449 1695 opus
1473 1616 1588 1696 ubique

222 1723 410 1803 ingeminatis
439 1722 548 1785 studiis
573 1725 688 1804 urgeri,
718 1722 801 1784 hisee
829 1721 1005 1802 proesentim
1034 1721 1210 1803 asperrimis
1240 1719 1442 1802 temporibus,
1473 1722 1588 1803 qm'ieoc

221 1825 374 1892 Ecclesiae
397 1830 530 1892 rationes
554 1831 675 1892 omnino
697 1826 857 1910 postulant,
881 1835 912 1890 ut
928 1824 1060 1909 quotidie
1075 1826 1170 1909 magis
1192 1827 1371 1909 optimorum
1385 1828 1585 1892 Sacerdotem

223 1934 394 2000 subolesent
411 1937 518 2017 copie,
551 1934 598 2017 qoi
620 1940 762 1997 virtutum
794 1930 923 1997 omnium
947 1942 1052 1998 ornatu
1075 1934 1238 2016 fulgentes,
1271 1954 1306 1997 ao
1328 1954 1403 1998 sana
1425 1933 1585 2017 solidaque

223 2041 372 2126 pollentes
395 2042 529 2105 doctrine
552 2041 671 2104 valeant
692 2041 808 2122 proprii
826 2042 988 2103 ministerii
1011 2043 1181 2105 muneribus
1205 2044 1255 2124 pie
1277 2046 1410 2124 sciteque
1429 2042 1583 2123 perlongi,

223 2150 416 2213 christianam
439 2149 556 2229 plebem
579 2145 688 2210 sedulo
711 2146 841 2224 erudire,
870 2149 1034 2211 animarum
1058 2150 1148 2211 saluti
1171 2159 1307 2212 accurate
1330 2150 1503 2228 consedere,
1526 2168 1583 2211 er-

221 2264 322 2320 rantes
344 2255 381 2316 ed
405 2258 539 2316 veritetis
573 2264 602 2314 et
626 2254 764 2339 justitiae
793 2259 918 2316 semitas
945 2254 1105 2327 reducere,
1136 2268 1170 2316 ae
1193 2257 1264 2331 Det,
1298 2255 1430 2340 Ejusque
1459 2237 1584 2318 senctee

221 2360 374 2425 Ecclesiae
401 2378 519 2423 causum
548 2370 681 2431 strenue,
714 2363 897 2443 scienterque
914 2361 1101 2447 defendere,
1129 2372 1159 2423 et
1189 2362 1392 2425 insidientium
1426 2364 1583 2425 hominum

220 2465 360 2531 lhilseias
384 2467 538 2549 detegere,
560 2462 677 2530 errores
700 2468 851 2539 refellere,
882 2469 1026 2530 insoniam
1050 2486 1084 2530 ec
1107 2473 1302 2531 temeritatem
1326 2469 1519 2551 redarguere,
1550 2478 1583 2531 et

221 2580 348 2657 impetus
369 2576 518 2656 frangere.
564 2573 662 2656 ltoque
691 2592 756 2636 curu
779 2574 876 2636 Nobis
899 2572 976 2657 nihil
999 2573 1114 2656 potius,
1138 2566 1213 2637 nihil
1235 2575 1366 2656 gratius,
1390 2578 1464 2637 nihil
1488 2585 1583 2656 optu-

222 2683 400 2755 hilius'e‘sse
422 2680 529 2763 possit,
552 2698 637 2764 quem
660 2688 693 2743 ut
714 2686 827 2763 optimo
841 2680 923 2745 Cleri
944 2683 1094 2745 institutio
1116 2682 1246 2763 quotidie
1261 2687 1358 2765 magis
1378 2683 1412 2747 in
1424 2683 1582 2747 Pontiicie

220 2791 332 2855 Nostra
353 2790 531 2872 praesertim
554 2788 678 2852 [titione
697 2788 834 2851 foveatur
855 2798 885 2853 et
906 2797 1064 2869 angeatur,
1096 2789 1206 2851 ideirco
1227 2788 1274 2851 nel
1297 2791 1335 2852 eh
1357 2794 1426 2872 ipso
1448 2791 1581 2873 supremi

220 2896 327 2962 Nostri
357 2895 552 2960 Pontificatus
579 2894 707 2958 exordio
736 2895 768 2959 ilc
798 2901 875 2959 tanti
906 2884 1046 2959 momenti
1073 2910 1137 2958 reor
1166 2912 1271 2972 omas,
1305 2886 1580 2980 sollicitudinesqoe

219 3004 349 3067 Nostros
390 3003 591 3067 intentissimo
626 3001 726 3065 studio
754 3009 967 3066 convertimus.
1021 3001 1157 3085 Namque
1183 3002 1350 3067 illustribus
1377 3007 1579 3068 Deeeescroor

221 3109 401 3173 Nostrorum
422 3112 564 3190 vestigiis
587 3109 776 3173 inhaerentes
807 3098 965 3174 consilinm
995 3115 1180 3193 suscepimus
1211 3110 1345 3193 erigendi
1368 3110 1490 3174 Nostris
1518 3117 1578 3174 im-

220 3217 325 3298 pensis
348 3235 456 3277 novnm
474 3218 510 3293 in
534 3218 588 3278 hac
610 3214 689 3278 ulmo
714 3217 791 3279 Urbe
815 3218 928 3279 Nostro
956 3217 1188 3280 ecclesiasticum
1217 3219 1430 3296 Seminarium,
1460 3220 1491 3281 in
1522 3236 1576 3301 quo
1683 3298 1684 3303 ἵ

221 3323 427 3386 adolescentes
451 3322 561 3387 Clerici
585 3342 625 3386 ex
651 3325 788 3385 omnibns
811 3325 983 3387 Pontificiae
1006 3317 1135 3387 Nostrae
1158 3322 1499 3389 DitiooisDioeeeslhus
1521 3326 1575 3387 de·
1683 3364 1684 3385 i

221 3431 307 3501 lecti,
340 3431 406 3493 sine
428 3450 529 3494 eorum
553 3431 704 3512 impendio
728 3438 789 3492 turn
813 3436 935 3512 pietate,
967 3440 1028 3492 tom
1050 3430 1255 3495 ecclesiastico
1279 3437 1404 3512 spiritu,
1426 3450 1461 3494 ec
1493 3432 1575 3509 honis

220 3538 334 3601 artibus
364 3547 394 3600 et
416 3536 633 3619 philosophicis
662 3543 852 3619 praesertim,
877 3535 1110 3619 theologicisque
1140 3526 1323 3619 disciplinis,
1352 3548 1386 3611 et,
1402 3540 1574 3600 Sanctorum

220 3644 349 3717 Petrum,
374 3652 460 3726 utque
483 3643 706 3709 ecclesiastieae
728 3644 885 3714 historiae,
910 3652 939 3704 et
963 3645 1059 3720 sacri,
1083 3644 1236 3730 civilisque
1254 3645 1334 3731 juris
1355 3645 1484 3708 scientie
1506 3665 1574 3726 per·

220 3752 379 3836 diligenter
400 3753 579 3832 imbuuntur,
603 3764 632 3815 et
655 3754 816 3816 salutarem
839 3749 1004 3814 doctrinam
1027 3772 1065 3815 ex
1081 3752 1148 3833 ipso
1170 3754 1251 3816 fonte
1265 3752 1411 3830 hauriam,
1434 3760 1464 3814 et
1479 3756 1575 3814 omnia

219 3862 401 3943 'gravissimo
423 3861 631 3923 ecelesiastici
648 3859 808 3922 ministerii
839 3856 956 3937 munia,
986 3866 1015 3922 et
1045 3874 1198 3942 sacrorum
1221 3865 1298 3923 ritus
1320 3878 1354 3920 ec
1378 3860 1574 3922 caeremonias

219 3984 258 4032 ex
280 3968 429 4031 Ecclesiae
452 3966 581 4030 omniurn
605 3966 711 4053 matris
735 3974 764 4027 et
786 3965 949 4044 magistrae
972 3984 1071 4045 more,
1099 3968 1305 4048 institutisque
1329 3967 1523 4041 condiscant,
1544 3980 1574 4031 ac

220 4074 326 4137 delude
349 4074 515 4137 studiorum
539 4071 686 4137 curriculo
710 4070 845 4133 confecto
867 4076 899 4133 in
920 4078 1047 4152 patriani
1063 4072 1195 4135 redeant.
1231 4072 1381 4154 Siquidem
1396 4073 1450 4136 hac
1467 4076 1574 4135 ratione

219 4182 351 4245 faturum
383 4179 574 4257 confidimuS,
605 4189 652 4255 ut,
683 4179 746 4240 Deo
778 4179 856 4241 bono
882 4178 1020 4263 juvante,
1048 4200 1064 4240 a
1092 4198 1152 4262 quo
1179 4196 1266 4242 omne
1295 4180 1396 4242 datum
1426 4183 1574 4261 optimum·
1683 4236 1684 4241 ,

220 4297 255 4350 et
278 4303 365 4351 omne
396 4288 506 4349 donum
529 4288 692 4368 perfectum
715 4286 884 4361 deseendit,
912 4287 1044 4367 qnotidie
1067 4293 1163 4367 magis
1184 4289 1215 4349 in
1247 4285 1420 4368 temporalis
1450 4272 1572 4351 Nostrae

219 4395 352 4457 Ditionis
374 4394 567 4457 Dioecesibus
591 4391 772 4472 optimorum
789 4390 982 4467 Sacqrdotum
1008 4402 1123 4455 creseat
1143 4412 1293 4472 numeros,
1316 4393 1364 4475 qui
1386 4397 1467 4456 vitae
1488 4410 1572 4455 sane-

220 4498 361 4564 ttmonlae
381 4511 413 4563 et
435 4499 586 4562 doetrinae
608 4498 695 4560 locide
718 4499 915 4561 commendeti
938 4503 1076 4562 virtutem
1101 4505 1231 4562 omnium
1255 4498 1392 4582 exempla
1415 4496 1570 4564 christiaco

221 4603 332 4686 populo
347 4607 519 4687 praebcant,
543 4605 665 4691 ejusque
687 4607 835 4686 spirituali
863 4605 942 4669 bono
965 4608 1135 4677 inservient,
1161 4607 1266 4689 quique
1289 4609 1336 4669 vei
1363 4606 1503 4685 Paeonii,
1531 4605 1570 4668 cel

222 4708 469 4783 Concionatoris,
492 4714 540 4775 vel
560 4712 774 4793 Praeceptoris,
798 4713 845 4773 vel
868 4710 978 4774 Vicarii
998 4709 1153 4773 Generalis
1177 4732 1299 4775 munera
1322 4717 1371 4794 pie
1394 4716 1570 4795 scienterque

222 4834 385 4893 exercere,
422 4835 457 4879 ee
486 4819 619 4901 propriis
637 4818 816 4883 uncisttbos
850 4822 881 4880 in
905 4817 1064 4881 Dominico
1094 4836 1168 4898 egro
1195 4814 1359 4882 excolendo
1392 4817 1570 4883 snxtltoriere

222 4938 343 5002 opernm
367 4921 480 4988 utiliter
502 4943 610 4988 navers
633 4929 763 5007 possint,
786 4933 872 5006 etque
895 4927 1070 5005 glorientur·
1560 4920 1564 4929 '
